3419 4538
606 261 779 362 233*
1054 329 1055 332 γ
1147 272 1338 340 CAP.
1406 270 1620 376 ΧΨ.
1705 267 1850 337 DE
1931 258 2664 334 NUTRITIONE

612 445 771 491 vena
800 422 1174 508 mefinterica
1219 422 1346 489 AB
1394 421 1736 487 eruCtatur.
1800 417 1887 483 Er
1933 435 1975 482 o
2011 419 2186 484 moles
2208 411 2576 506 sanguinis,
2620 409 2728 494 qui
2760 410 3005 478 eodem
3040 430 3228 480 tem-

615 525 777 596 pore
823 507 903 569 ab
935 508 1167 568 arteria
1202 505 1457 585 splenica
1501 500 1676 581 LK,
1721 498 1831 564 seu
1861 518 1897 563 a
1986 500 2045 563 ei
2092 494 2319 583 aequali
2362 493 3018 586 arteriam-esenterica
3074 494 3224 561 GH

618 602 1044 670 exportatur,
1088 582 1231 649 fere
1261 604 1387 650 una
1421 599 1645 675 quarta
1673 601 1817 666 pars
1861 580 1987 647 erit
2010 581 2183 648 illius
2212 575 2433 662 fluoris
2450 621 2477 656 ,
2517 593 2631 659 qul
2658 575 2898 643 eodem
2944 591 3220 662 tempo-

617 687 689 734 re
719 665 1078 734 effunditur
1120 665 1158 731 a
1200 686 1357 733 vena
1399 666 1776 749 mesenterica
1821 659 1953 728 AB.

1082 861 2118 976 Paoposmm
2244 877 2740 972 CXCIX.

627 1108 888 1226 Chyli
931 1119 1365 1229 portionem
1406 1116 1750 1228 aliquam
1799 1112 1917 1198 ad
1949 1116 2185 1218 jecur
2234 1127 2380 1222 per:
2414 1132 2680 1202 venas
2742 1103 3219 1198 mesenteri-

732 1281 738 1287 ·
1568 1267 1707 1334 cas
1762 1240 2062 1353 defi’rri
2103 1239 2325 1356 poffi’.

709 1464 1051 1550 Postquam
1097 1469 1213 1530 cibi
1244 1467 1511 1532 contriti
1542 1465 1603 1532 ὅ(
1635 1465 1946 1531 macerati
1998 1462 2268 1530 fuerunt
2313 1463 2349 1527 a
2417 1484 2555 1529 ucco
2584 1464 2974 1546 fermentitio
3001 1461 3209 1548 stoma·

629 1549 764 1628 ebi,
814 1550 875 1614 &
904 1549 967 1613 in
1003 1547 1303 1630 intestinis
1347 1547 1382 1613 a
1409 1548 1589 1630 flacco
1622 1548 1815 1630 bilioso
1845 1549 1905 1612 &
1940 1550 2320 1630 pancreatico
2400 1547 2738 1612 ermentati
2774 1593 2795 1625 ,
2842 1561 2952 1611 tan
3009 1546 3206 1612 uam&

629 1630 1102 1708 condimentis,
1148 1629 1308 1713 cbyli
1338 1629 1811 1695 consistentiam
1842 1628 2317 1711 &temperiem
2366 1626 2825 1711 acquisierunt,
2873 1647 2915 1691 0
3021 1631 3202 1693 nduut

625 1711 959 1794 duplicem
992 1709 1268 1790 vasorum
1316 1712 1651 1790 ordinem,
1701 1711 1812 1794 qui
1858 1708 2154 1792 perforat
2187 1707 2268 1773 ad
2314 1705 2509 1773 instar
2536 1709 2732 1773 cribri
2779 1713 3026 1773 tunicas
3072 1714 3199 1772 inte·

611 1788 956 1875 fiinorum,
1002 1786 1254 1855 scilicet
1282 1793 1431 1876 vasa
1470 1792 1882 1874 labiea,·quae
1929 1789 2172 1854 habent
2207 1788 2455 1854 orificia
2488 1837 2510 1870 ,
2556 1807 2637 1854 eo
2683 1795 2892 1856 modo
2924 1789 3208 1873 configu-

631 1887 809 1952 rata,
858 1887 930 1936 ut
961 1874 1125 1956 cb3·lo
1168 1885 1321 1953 puro
1366 1872 1762 1965 excipiendo
1810 1870 2048 1935 idonea
2097 1868 2255 1950 fint,
2302 1870 2364 1936 &
2393 1889 2578 1936 venas
2607 1871 2963 1955 mesaraicas
2995 1918 3018 1952 ,
3075 1889 3200 1955 quae

626 1955 875 2039 pariter
921 1954 1413 2018 accommodata
1444 1951 1692 2018 or1ficia
1726 1951 1972 2017 habent
2005 1999 2024 2031 ,
2071 1968 2142 2015 ut
2171 1952 2537 2037 sanguinem
2566 1951 2647 2020 ab
2678 1958 2929 2018 arteriis
2971 1951 3199 2035 reflutm

592 2053 764 2118 ,non
809 2033 1126 2100 sincerum
1170 2034 1501 2117 excipiant
1532 2081 1557 2115 ,
1600 2032 1712 2100 sed
1756 2032 2168 2100 commistum
2212 2052 2368 2098 cum
2394 2034 2565 2100 illius
2611 2030 3024 2119 cbylofisucci
3059 2052 3193 2118 pot·

628 2119 854 2198 tione,
901 2136 1040 2202 quae
1086 2117 1122 2183 a
1164 2118 1273 2181 bile
1303 2116 1718 2200 coinquinata
1763 2114 1876 2182 est.

715 2198 919 2293 Quod
950 2217 1151 2284 porro
1200 2198 1411 2283 aliqua
1459 2200 1617 2282 chyli
1646 2199 1869 2284 'portio
1916 2193 2140 2262 saltem
2167 2196 2491 2280 faculenta
2535 2195 2624 2261 ob
2669 2197 2806 2261 bilis
2850 2196 3189 2279 misturam,

628 2302 759 2349 una
790 2301 935 2348 cum
956 2281 1079 2364 san
1124 2285 1299 2361 uine,
1346 2279 1382 2346 a
1424 2285 1765 2364 mesaraicis
1796 2277 2182 2365 exsugatur,
2228 2276 2492 2343 suadent
2524 2278 2667 2343 duae
2699 2281 3003 2347 rationes,
3083 2280 3194 2345 Pn‘·

631 2385 738 2432 ma
769 2364 901 2445 est,
947 2383 1031 2450 qu
1199 2382 1271 2431 er
1299 2382 1493 2427 venas
1522 2364 1873 2446 mesaraicas
1906 2360 2114 2426 vastas
2194 2360 2256 2425 ἃ
2283 2359 2523 2425 duflum
2557 2373 2747 2444 pottae
2775 2363 3184 2448 amplissimum

630 2448 949 2530 reportari
988 2383 1204 2529 potePl
1234 2444 1473 2509 eodem
1523 2458 1826 2525 tempore
1874 2441 1954 2506 ab
1986 2408 2288 2524 intestinis
2340 2441 2427 2505 ad
2462 2442 2640 2525 hepar
2668 2441 2874 2526 fluor,
2925 2446 3025 2530 qui
3064 2460 3184 2520 ter,

633 2528 749 2593 vel
782 2544 1012 2611 quater
1038 2526 1401 2612 sanguinem
1432 2524 1513 2588 ab
1558 2527 1789 2587 arteria
1831 2522 2209 2605 mesenterica
2239 2522 2583 2589 adductum
2630 2520 2930 2609 superat,
2973 2522 3177 2592 &mul-

632 2626 708 2674 to
743 2608 1274 2689 majori·exceffu
1300 2602 1643 2749 'superabit
1675 2602 1992 2669 residuum
2038 2604 2173 2685 ejus
2202 2650 2222 2684 ,
2284 2603 2495 2669 ablata
2535 2607 2841 2689 portione
2871 2654 2898 2685 ,
2945 2626 3078 2691 quae
3106 2608 3188 2667 iu·

633 2685 869 2774 testinis
900 2690 1260 2753 nutriendis
1305 2688 1368 2750 in
1406 2701 1627 2778 umpta
1659 2684 1897 2751 fuerat.
1995 2685 2170 2769 Ergo
2218 2686 2477 2750 videtur
2535 2682 2871 2770 plusquam
2921 2684 3190 2772 probabi-

632 2772 739 2853 le,
788 2786 861 2835 ut
896 2773 1224 2834 excedens
1257 2767 1367 2832 illa
1413 2770 1868 2850 mesaraicarum
1899 2767 2260 2848 amplitudo
2318 2769 2648 2851 repleatur
2693 2768 2772 2833 ab
2820 2769 3038 2853 aliquo
3070 2785 3193 2831 cor·

633 2851 950 2938 pore‚,&
986 2869 1105 2934 per
1136 2868 1243 2915 eas
1275 2845 1504 2913 refluat
1547 2847 1631 2911 ad
1661 2851 1842 2933 jecur
1869 2850 2097 2931 aliquis
2129 2848 2292 2912 alius
2343 2843 2644 2931 copiosus
2669 2849 2892 2930 succus
2923 2898 2946 2930 ,
2989 2865 3198 2934 praeter

536 2940 546 2949 ‘
635 2935 1015 3020 sanguinem.-
1058 2931 1120 2996 ἀ
1159 2930 1305 3013 quia
1335 2943 1508 2993 tanta
1545 2932 1738 3012 copia
1761 2931 1938 3011 succi
1978 2927 2366 3010 superadditi
2406 2930 2603 3014 longe
2632 2929 2889 3013 superat
2936 2931 3206 3016 pufillam

615 3006 774 3080 ‘bilis
819 3013 1285 3098 quantitatem,
1331 3022 1473 3155 qtuae
1513 3011 1576 3073 in
1607 3010 1947 3091 mesaraicis
1977 3007 2187 3073 existit
2235 3010 2268 3101 ζ
2293 3028 2376 3073 eo
2411 3012 2586 3093 quod
2642 3028 2784 3075 tota
2831 3013 2970 3076 bilis
3015 3013 3204 3077 moles

635 3096 781 3161 libr.
831 3114 868 3158 ι’.
917 3090 1251 3157 distributa
1298 3112 1334 3157 e
1420 3092 1486 3156 in
1521 3092 1760 3184 hepate,
1809 3092 1874 3156 in
1921 3088 2106 3173 cysti,
2152 3091 2213 3153 <Sc
2245 3109 2307 3154 1n
2356 3106 2493 3155 tota
2541 3087 2956 3174 intestinorum
2994 3098 3204 3157 cavita-

640 3189 698 3239 te
741 3175 989 3240 cibariis
1036 3172 1435 3255 commista.)
1523 3172 1727 3259 igitur
1770 3192 1889 3256 per
1936 3173 2244 3256 reliquam
2294 3175 2720 3256 capacitatem
2766 3175 3204 3257 mesor-nicarum

637 3253 884 3322 deferri
916 3256 1117 3321 debet
1148 3256 1374 3340 aliquis
1422 3255 1581 3320 aliu-s
1606 3257 1830 3340 ,saccus
1861 3252 2155 3319 diversus
2194 3252 2233 3317 a
2274 3255 2383 3318 bile
2408 3299 2430 3333 ,
2477 3255 2538 3319 ὅ(
2569 3257 2674 3321 hic
2715 3256 2877 3321 alius
2921 3255 3051 3321 esse
3092 3273 3201 3320 non

634 3337 825 3425 poss'e
857 3339 1147 3419 videtur,
1195 3357 1383 3422 quam
1429 3339 1656 3422 cbylus.

728 3420 1026 3486 Secunda
1069 3420 1234 3484 ratio
1279 3417 1629 3484 desumitur
1674 3438 1761 3483 ex
1803 3417 2226 3502 copiofiffima
2269 3418 2693 3484 multitudine<
2734 3418 3199 3505 miffar-nicam,

636 3521 780 3584 quae
839 3503 1125 3585 undique
1169 3502 1339 3566 circa
1381 3502 1665 3587 jejunum
1713 3500 1774 3566 ὅ(
1815 3504 2143 3565 duodenum
2204 3499 2490 3581 intestina
2560 3500 2952 3567 radicantur.
3054 3500 3196 3590 Quia

634 3584 865 3664 inepte
908 3581 1163 3645 Natura
1194 3597 1436 3648 tantam
1472 3582 1729 3664 copiam
1761 3601 2054 3646 venarum
2087 3580 2330 3646 ibidem
2369 3600 2498 3645 non
2537 3579 2966 3666 apposuisset,
3012 3600 3083 3649 ut
3110 3583 3194 3648 mi·

639 3665 878 3729 nimam
902 3662 1231 3747 sanguinis
1263 3665 1687 3747 quantitatem
1720 3709 1743 3742 ,
1808 3663 1888 3727 ab
1934 3665 2165 3727 arteria
2216 3658 2622 3727 transmissam
2657 3710 2676 3743 ‚
2725 3682 2847 3748 pro
2898 3668 3198 3731 nutritione

635 3740 1120 3825 intqliinulorum
1164 3748 1412 3808 duodeni
1458 3747 1518 3810 &
1550 3746 1757 3829 jejuni
1790 3744 2148 3839 exsugeret.
2243 3745 2541 3808 Alienum
2591 3763 2852 3829 quoque
2897 3747 2933 3812 a
2979 3748 3197 3813 ratione

636 3826 939 3903 videtur,
988 3841 1060 3890 ut
1104 3827 1497 3909 multiplices
1544 3828 1675 3890 illae
1701 3846 1863 3908 ctenca
1895 3825 2135 3890 ibidem
2170 3844 2205 3889 a
2253 3824 2474 3908 pofitae
2524 3824 2645 3890 fint
2674 3873 2693 3906 ,
2747 3843 2820 3890 ut
2843 3828 3095 3912 succum
3134 3827 3196 3891 bi·

593 3917 598 3921 '
637 3906 843 3975 noxam
872 3953 893 3985 ‚
954 3906 1018 3970 in
1066 3909 1393 3971 duodenum
1422 3908 1481 3972 ὅ(
1513 3908 1795 3992 jejunum
1838 3926 1994 3972 mox
2042 3905 2184 3972 infu
2216 3926 2320 3971 um
2355 3954 2374 3986 ,
2433 3901 2648 3970 subito
2698 3906 2845 3990 post
2889 3908 3203 3995 ingressum

634 3988 989 4054 abducant:
1038 4006 1188 4070 qua:
1226 3989 1402 4053 enim
1426 3990 1824 4071 fermentatio
1859 3987 2002 4054 fieri
2039 3987 2254 4072 potest
2311 3985 2546 4071 absque
2591 3988 2722 4053 ulla
2771 4007 2992 4072 mora,
3037 4005 3203 4076 quatr-

633 4071 720 4135 do
765 4087 888 4136 nec
917 4065 1202 4149 misceri,
1247 4088 1370 4135 nec
1405 4070 2018 4160 contingi-omnino
2064 4073 2297 4137 cibaria
2326 4067 2719 4136 transeuntia
2763 4070 2801 4134 a
2846 4075 2961 4139 hile
2991 4062 3206 4216 piptuil}

1068 4198 1073 4203 -
3051 4169 3150 4216 ent
