<?xml version="1.0" encoding="UTF-8"?>
<!DOCTYPE html PUBLIC "-//W3C//DTD XHTML 1.0 Transitional//EN"
    "http://www.w3.org/TR/xhtml1/DTD/xhtml1-transitional.dtd">
<html xmlns="http://www.w3.org/1999/xhtml" xml:lang="en" lang="en">
 <head>
  <title>
</title>
<meta http-equiv="Content-Type" content="text/html;charset=utf-8" />
  <meta name='ocr-system' content='tesseract 3.04.00' />
  <meta name='ocr-capabilities' content='ocr_page ocr_carea ocr_par ocr_line ocrx_word'/>
</head>
<body>
  <div class='ocr_page' id='page_1' title='image "./demotuanimalium00jesugoog_0539.png"; bbox 0 0 3419 4538; ppageno 0'>
   <div class='ocr_carea' id='block_1_1' title="bbox 1056 196 2855 304">
    <p class='ocr_par' dir='ltr' id='par_1_1' title="bbox 1056 196 2855 304">
     <span class='ocr_line' id='line_1_1' title="bbox 1056 196 2855 304; baseline 0.008 -33"><span class='ocrx_word' id='word_1_1' title='bbox 1056 196 2032 276; x_wconf 73' lang='lat' dir='ltr'><strong>FEBRIL&#39;IS.</strong></span> <span class='ocrx_word' id='word_1_2' title='bbox 2733 233 2855 304; x_wconf 77' lang='lat'>271</span> 
     </span>
    </p>
   </div>
   <div class='ocr_carea' id='block_1_2' title="bbox 241 352 2860 533">
    <p class='ocr_par' dir='ltr' id='par_1_2' title="bbox 241 352 2860 533">
     <span class='ocr_line' id='line_1_2' title="bbox 241 352 2860 448; baseline 0.003 -24"><span class='ocrx_word' id='word_1_3' title='bbox 241 357 608 448; x_wconf 78' lang='lat' dir='ltr'>utfangm&#39;s</span> <span class='ocrx_word' id='word_1_4' title='bbox 642 369 768 444; x_wconf 80' lang='lat' dir='ltr'>per</span> <span class='ocrx_word' id='word_1_5' title='bbox 796 372 875 421; x_wconf 86' lang='lat' dir='ltr'>ea</span> <span class='ocrx_word' id='word_1_6' title='bbox 903 352 1174 423; x_wconf 79' lang='lat' dir='ltr'>effluere</span> <span class='ocrx_word' id='word_1_7' title='bbox 1205 371 1526 441; x_wconf 81' lang='lat' dir='ltr'>nequeat3</span> <span class='ocrx_word' id='word_1_8' title='bbox 1571 357 1678 442; x_wconf 87' lang='lat' dir='ltr'>qui</span> <span class='ocrx_word' id='word_1_9' title='bbox 1724 359 1986 426; x_wconf 82' lang='lat' dir='ltr'>aliunde</span> <span class='ocrx_word' id='word_1_10' title='bbox 2041 360 2331 426; x_wconf 77' lang='lat' dir='ltr'>maximo</span> <span class='ocrx_word' id='word_1_11' title='bbox 2373 359 2627 447; x_wconf 87' lang='lat' dir='ltr'>impetu</span> <span class='ocrx_word' id='word_1_12' title='bbox 2686 361 2860 433; x_wconf 86' lang='lat' dir='ltr'>solet</span> 
     </span>
     <span class='ocr_line' id='line_1_3' title="bbox 253 437 2860 533; baseline -0.001 -20"><span class='ocrx_word' id='word_1_13' title='bbox 253 465 347 514; x_wconf 84' lang='lat' dir='ltr'>ex</span> <span class='ocrx_word' id='word_1_14' title='bbox 374 445 620 509; x_wconf 84' lang='lat' dir='ltr'>arteriis</span> <span class='ocrx_word' id='word_1_15' title='bbox 651 437 903 518; x_wconf 75' lang='lat' dir='ltr'>exilire.</span> <span class='ocrx_word' id='word_1_16' title='bbox 994 437 1065 504; x_wconf 81' lang='lat' dir='ltr'>In</span> <span class='ocrx_word' id='word_1_17' title='bbox 1098 438 1725 533; x_wconf 38' lang='lat' dir='ltr'>vulneribus-postea</span> <span class='ocrx_word' id='word_1_18' title='bbox 1772 457 2076 506; x_wconf 85' lang='lat' dir='ltr'>recenter</span> <span class='ocrx_word' id='word_1_19' title='bbox 2118 441 2331 507; x_wconf 80' lang='lat' dir='ltr'>incisis</span> <span class='ocrx_word' id='word_1_20' title='bbox 2378 461 2590 528; x_wconf 86' lang='lat' dir='ltr'>neque</span> <span class='ocrx_word' id='word_1_21' title='bbox 2647 446 2860 529; x_wconf 82' lang='lat' dir='ltr'>succus</span> 
     </span>
    </p>
   </div>
   <div class='ocr_carea' id='block_1_3' title="bbox 146 520 2871 1927">
    <p class='ocr_par' dir='ltr' id='par_1_3' title="bbox 146 520 2862 779">
     <span class='ocr_line' id='line_1_4' title="bbox 146 520 2862 611; baseline 0.001 -21"><span class='ocrx_word' id='word_1_22' title='bbox 146 571 151 576; x_wconf 82' lang='lat'><em>·</em></span> <span class='ocrx_word' id='word_1_23' title='bbox 254 525 581 609; x_wconf 79' lang='lat' dir='ltr'>venenosus</span> <span class='ocrx_word' id='word_1_24' title='bbox 668 541 741 587; x_wconf 88' lang='lat' dir='ltr'>er</span> <span class='ocrx_word' id='word_1_25' title='bbox 788 537 977 586; x_wconf 79' lang='lat' dir='ltr'>venas</span> <span class='ocrx_word' id='word_1_26' title='bbox 1022 522 1491 586; x_wconf 76' lang='lat' dir='ltr'>communicari</span> <span class='ocrx_word' id='word_1_27' title='bbox 1548 520 1808 605; x_wconf 87' lang='lat' dir='ltr'>potest,</span> <span class='ocrx_word' id='word_1_28' title='bbox 1855 524 2002 605; x_wconf 85' lang='lat' dir='ltr'>quia</span> <span class='ocrx_word' id='word_1_29' title='bbox 2042 536 2235 588; x_wconf 87' lang='lat' dir='ltr'>motus</span> <span class='ocrx_word' id='word_1_30' title='bbox 2291 531 2676 611; x_wconf 78' lang='lat' dir='ltr'>contrarius,</span> <span class='ocrx_word' id='word_1_31' title='bbox 2771 545 2862 596; x_wconf 92' lang='lat' dir='ltr'>uo</span> 
     </span>
     <span class='ocr_line' id='line_1_5' title="bbox 232 549 2862 701; baseline 0 -26"><span class='ocrx_word' id='word_1_32' title='bbox 232 610 509 697; x_wconf 81' lang='lat' dir='ltr'>sanguis</span> <span class='ocrx_word' id='word_1_33' title='bbox 535 605 604 699; x_wconf 85' lang='lat' dir='ltr'>ip</span> <span class='ocrx_word' id='word_1_34' title='bbox 635 623 673 668; x_wconf 91' lang='lat' dir='ltr'>e</span> <span class='ocrx_word' id='word_1_35' title='bbox 715 602 753 668; x_wconf 82' lang='grc' dir='ltr'>ὲ</span> <span class='ocrx_word' id='word_1_36' title='bbox 782 601 1022 666; x_wconf 84' lang='lat' dir='ltr'>venulis</span> <span class='ocrx_word' id='word_1_37' title='bbox 1056 600 1235 666; x_wconf 85' lang='lat' dir='ltr'>foras</span> <span class='ocrx_word' id='word_1_38' title='bbox 1266 603 1634 686; x_wconf 85' lang='lat' dir='ltr'>egreditur,</span> <span class='ocrx_word' id='word_1_39' title='bbox 1684 604 1960 701; x_wconf 82' lang='lat' dir='ltr'>impedit</span> <span class='ocrx_word' id='word_1_40' title='bbox 1986 605 2327 671; x_wconf 87' lang='lat' dir='ltr'>introitum</span> <span class='ocrx_word' id='word_1_41' title='bbox 2351 605 2534 690; x_wconf 81' lang='lat' dir='ltr'>succi</span> <span class='ocrx_word' id='word_1_42' title='bbox 2557 549 2812 692; x_wconf 47' lang='lat' dir='ltr'>venessci</span> <span class='ocrx_word' id='word_1_43' title='bbox 2838 631 2862 676; x_wconf 82' lang='lat'>.-</span> 
     </span>
     <span class='ocr_line' id='line_1_6' title="bbox 250 683 2862 779; baseline 0 -23"><span class='ocrx_word' id='word_1_44' title='bbox 250 690 434 775; x_wconf 82' lang='lat' dir='ltr'>quod</span> <span class='ocrx_word' id='word_1_45' title='bbox 477 683 1055 752; x_wconf 87' lang='lat' dir='ltr'>ammadvertimus</span> <span class='ocrx_word' id='word_1_46' title='bbox 1085 683 1155 748; x_wconf 86' lang='lat' dir='ltr'>in</span> <span class='ocrx_word' id='word_1_47' title='bbox 1200 683 1530 749; x_wconf 80' lang='lat' dir='ltr'><em>Academia</em></span> <span class='ocrx_word' id='word_1_48' title='bbox 1558 683 2040 779; x_wconf 80' lang='lat' dir='ltr'>Experzmentali</span> <span class='ocrx_word' id='word_1_49' title='bbox 2085 685 2374 767; x_wconf 82' lang='lat' dir='ltr'>Medica,</span> <span class='ocrx_word' id='word_1_50' title='bbox 2418 688 2572 754; x_wconf 89' lang='lat' dir='ltr'>dum</span> <span class='ocrx_word' id='word_1_51' title='bbox 2605 691 2862 777; x_wconf 82' lang='lat' dir='ltr'>experi-</span> 
     </span>
    </p>

    <p class='ocr_par' dir='ltr' id='par_1_4' title="bbox 252 762 2865 853">
     <span class='ocr_line' id='line_1_7' title="bbox 252 762 2865 853; baseline 0 -14"><span class='ocrx_word' id='word_1_52' title='bbox 252 789 481 840; x_wconf 85' lang='lat' dir='ltr'>remur</span> <span class='ocrx_word' id='word_1_53' title='bbox 512 770 684 834; x_wconf 88' lang='lat' dir='ltr'>vires</span> <span class='ocrx_word' id='word_1_54' title='bbox 711 764 1155 848; x_wconf 81' lang='lat' dir='ltr'>potentiflime</span> <span class='ocrx_word' id='word_1_55' title='bbox 1180 762 1517 831; x_wconf 80' lang='lat' dir='ltr'>veneficas</span> <span class='ocrx_word' id='word_1_56' title='bbox 1551 766 1683 831; x_wconf 88' lang='lat' dir='ltr'>ole1</span> <span class='ocrx_word' id='word_1_57' title='bbox 1731 766 1977 847; x_wconf 87' lang='lat' dir='ltr'>tabaci,</span> <span class='ocrx_word' id='word_1_58' title='bbox 2023 767 2241 853; x_wconf 80' lang='lat' dir='ltr'>quod,</span> <span class='ocrx_word' id='word_1_59' title='bbox 2287 767 2556 853; x_wconf 85' lang='lat' dir='ltr'>copiose</span> <span class='ocrx_word' id='word_1_60' title='bbox 2589 770 2865 839; x_wconf 86' lang='lat' dir='ltr'>effusum</span> 
     </span>
    </p>

    <p class='ocr_par' dir='ltr' id='par_1_5' title="bbox 253 846 2866 1095">
     <span class='ocr_line' id='line_1_8' title="bbox 253 846 2864 933; baseline -0 -13"><span class='ocrx_word' id='word_1_61' title='bbox 253 855 427 920; x_wconf 86' lang='lat' dir='ltr'>intra</span> <span class='ocrx_word' id='word_1_62' title='bbox 451 850 681 916; x_wconf 83' lang='lat' dir='ltr'>vulnus</span> <span class='ocrx_word' id='word_1_63' title='bbox 708 866 959 923; x_wconf 81' lang='lat' dir='ltr'><em>recem,</em></span> <span class='ocrx_word' id='word_1_64' title='bbox 1002 846 1263 933; x_wconf 29' lang='lat' dir='ltr'>nullam,</span> <span class='ocrx_word' id='word_1_65' title='bbox 1296 863 1536 912; x_wconf 78' lang='lat' dir='ltr'>noxam</span> <span class='ocrx_word' id='word_1_66' title='bbox 1582 846 1940 930; x_wconf 83' lang='lat' dir='ltr'>afferebat,</span> <span class='ocrx_word' id='word_1_67' title='bbox 1985 850 2053 917; x_wconf 67' lang='grc' dir='ltr'>ἃ</span> <span class='ocrx_word' id='word_1_68' title='bbox 2092 847 2528 916; x_wconf 84' lang='lat' dir='ltr'>confricatum</span> <span class='ocrx_word' id='word_1_69' title='bbox 2569 852 2685 920; x_wconf 88' lang='lat' dir='ltr'>filo</span> <span class='ocrx_word' id='word_1_70' title='bbox 2730 873 2864 920; x_wconf 85' lang='lat' dir='ltr'>ma-</span> 
     </span>
     <span class='ocr_line' id='line_1_9' title="bbox 257 925 2866 1017; baseline 0 -17"><span class='ocrx_word' id='word_1_71' title='bbox 257 934 422 1000; x_wconf 87' lang='lat' dir='ltr'>dido</span> <span class='ocrx_word' id='word_1_72' title='bbox 464 932 633 997; x_wconf 82' lang='lat' dir='ltr'>intra</span> <span class='ocrx_word' id='word_1_73' title='bbox 661 946 873 993; x_wconf 85' lang='lat' dir='ltr'>carnes</span> <span class='ocrx_word' id='word_1_74' title='bbox 905 925 1053 1012; x_wconf 90' lang='lat' dir='ltr'>post</span> <span class='ocrx_word' id='word_1_75' title='bbox 1101 944 1341 1008; x_wconf 80' lang='lat' dir='ltr'>unum,</span> <span class='ocrx_word' id='word_1_76' title='bbox 1390 929 1499 992; x_wconf 83' lang='lat' dir='ltr'>vel</span> <span class='ocrx_word' id='word_1_77' title='bbox 1529 929 1811 996; x_wconf 84' lang='lat' dir='ltr'>alterum</span> <span class='ocrx_word' id='word_1_78' title='bbox 1840 932 2160 1000; x_wconf 81' lang='lat' dir='ltr'>minutum</span> <span class='ocrx_word' id='word_1_79' title='bbox 2185 943 2421 1017; x_wconf 78' lang='lat' dir='ltr'><em>torpore</em></span> <span class='ocrx_word' id='word_1_80' title='bbox 2453 932 2866 1005; x_wconf 80' lang='lat' dir='ltr'>animalaffi·</span> 
     </span>
     <span class='ocr_line' id='line_1_10' title="bbox 254 1008 1778 1095; baseline -0.006 -12"><span class='ocrx_word' id='word_1_81' title='bbox 254 1015 519 1093; x_wconf 84' lang='lat' dir='ltr'>ciebat,</span> <span class='ocrx_word' id='word_1_82' title='bbox 567 1009 852 1094; x_wconf 70' lang='lat' dir='ltr'>&amp;paulo</span> <span class='ocrx_word' id='word_1_83' title='bbox 893 1008 1041 1093; x_wconf 90' lang='lat' dir='ltr'>post</span> <span class='ocrx_word' id='word_1_84' title='bbox 1071 1009 1594 1095; x_wconf 73' lang='lat' dir='ltr'><strong>extinguebatur.</strong></span> <span class='ocrx_word' id='word_1_85' title='bbox 1775 1056 1778 1058; x_wconf 85' lang='grc'>-</span> 
     </span>
    </p>

    <p class='ocr_par' dir='ltr' id='par_1_6' title="bbox 255 1089 2865 1499">
     <span class='ocr_line' id='line_1_11' title="bbox 338 1089 2864 1181; baseline 0.001 -19"><span class='ocrx_word' id='word_1_86' title='bbox 338 1092 625 1163; x_wconf 85' lang='lat' dir='ltr'>Necesse</span> <span class='ocrx_word' id='word_1_87' title='bbox 654 1090 751 1156; x_wconf 84' lang='lat' dir='ltr'>est</span> <span class='ocrx_word' id='word_1_88' title='bbox 794 1108 992 1175; x_wconf 86' lang='lat' dir='ltr'>ergo,</span> <span class='ocrx_word' id='word_1_89' title='bbox 1039 1106 1111 1155; x_wconf 91' lang='lat' dir='ltr'>ut</span> <span class='ocrx_word' id='word_1_90' title='bbox 1156 1089 1669 1156; x_wconf 82' lang='lat' dir='ltr'>communicatio</span> <span class='ocrx_word' id='word_1_91' title='bbox 1714 1091 1825 1159; x_wconf 82' lang='lat' dir='ltr'>ma</span> <span class='ocrx_word' id='word_1_92' title='bbox 1868 1094 2207 1176; x_wconf 70' lang='lat' dir='ltr'>celerrima</span> <span class='ocrx_word' id='word_1_93' title='bbox 2243 1095 2425 1181; x_wconf 79' lang='lat' dir='ltr'>succi</span> <span class='ocrx_word' id='word_1_94' title='bbox 2461 1095 2735 1180; x_wconf 75' lang='lat' dir='ltr'>venenosi</span> <span class='ocrx_word' id='word_1_95' title='bbox 2785 1097 2864 1164; x_wconf 87' lang='lat' dir='ltr'>fi·</span> 
     </span>
     <span class='ocr_line' id='line_1_12' title="bbox 256 1172 2865 1263; baseline 0 -17"><span class='ocrx_word' id='word_1_96' title='bbox 256 1193 330 1247; x_wconf 76' lang='lat' dir='ltr'>at</span> <span class='ocrx_word' id='word_1_97' title='bbox 368 1194 491 1262; x_wconf 88' lang='lat' dir='ltr'>per</span> <span class='ocrx_word' id='word_1_98' title='bbox 531 1172 731 1258; x_wconf 70' lang='lat' dir='ltr'>ostiola</span> <span class='ocrx_word' id='word_1_99' title='bbox 775 1172 1215 1253; x_wconf 70' lang='lat' dir='ltr'>uernularum,</span> <span class='ocrx_word' id='word_1_100' title='bbox 1245 1173 1311 1237; x_wconf 89' lang='lat' dir='ltr'>in</span> <span class='ocrx_word' id='word_1_101' title='bbox 1353 1173 1648 1238; x_wconf 79' lang='lat' dir='ltr'>ulceribus</span> <span class='ocrx_word' id='word_1_102' title='bbox 1702 1174 1765 1240; x_wconf 71' lang='grc' dir='ltr'>ὅ(</span> <span class='ocrx_word' id='word_1_103' title='bbox 1805 1176 2158 1240; x_wconf 84' lang='lat' dir='ltr'>vulneribus</span> <span class='ocrx_word' id='word_1_104' title='bbox 2215 1180 2543 1263; x_wconf 81' lang='lat' dir='ltr'>patentia3</span> <span class='ocrx_word' id='word_1_105' title='bbox 2587 1180 2650 1245; x_wconf 73' lang='grc' dir='ltr'>ὅ(</span> <span class='ocrx_word' id='word_1_106' title='bbox 2695 1177 2865 1246; x_wconf 90' lang='lat' dir='ltr'>subi·</span> 
     </span>
     <span class='ocr_line' id='line_1_13' title="bbox 256 1251 2864 1346; baseline -0.002 -20"><span class='ocrx_word' id='word_1_107' title='bbox 256 1275 336 1326; x_wconf 90' lang='lat' dir='ltr'>to</span> <span class='ocrx_word' id='word_1_108' title='bbox 384 1254 585 1341; x_wconf 88' lang='lat' dir='ltr'>usque</span> <span class='ocrx_word' id='word_1_109' title='bbox 626 1253 709 1320; x_wconf 88' lang='lat' dir='ltr'>ad</span> <span class='ocrx_word' id='word_1_110' title='bbox 766 1256 1068 1318; x_wconf 81' lang='lat' dir='ltr'>cerebrum</span> <span class='ocrx_word' id='word_1_111' title='bbox 1127 1251 1562 1333; x_wconf 88' lang='lat' dir='ltr'>diffundatur,</span> <span class='ocrx_word' id='word_1_112' title='bbox 1623 1252 1712 1318; x_wconf 89' lang='lat' dir='ltr'>ibi</span> <span class='ocrx_word' id='word_1_113' title='bbox 1763 1274 1844 1319; x_wconf 90' lang='lat' dir='ltr'>ue</span> <span class='ocrx_word' id='word_1_114' title='bbox 1889 1257 2170 1341; x_wconf 90' lang='lat' dir='ltr'>plurima</span> <span class='ocrx_word' id='word_1_115' title='bbox 2214 1276 2412 1343; x_wconf 88' lang='lat' dir='ltr'>prava</span> <span class='ocrx_word' id='word_1_116' title='bbox 2449 1261 2596 1346; x_wconf 70' lang='lat' dir='ltr'>sym</span> <span class='ocrx_word' id='word_1_117' title='bbox 2638 1272 2864 1327; x_wconf 74' lang='lat' dir='ltr'>tomara</span> 
     </span>
     <span class='ocr_line' id='line_1_14' title="bbox 255 1274 2865 1429; baseline 0.001 -23"><span class='ocrx_word' id='word_1_118' title='bbox 255 1342 514 1427; x_wconf 85' lang='lat' dir='ltr'>pariat,</span> <span class='ocrx_word' id='word_1_119' title='bbox 555 1335 916 1419; x_wconf 84' lang='lat' dir='ltr'>eademque</span> <span class='ocrx_word' id='word_1_120' title='bbox 959 1336 1298 1401; x_wconf 83' lang='lat' dir='ltr'>celeritate</span> <span class='ocrx_word' id='word_1_121' title='bbox 1329 1335 1367 1400; x_wconf 77' lang='grc' dir='ltr'>ὸ</span> <span class='ocrx_word' id='word_1_122' title='bbox 1411 1339 1641 1400; x_wconf 79' lang='lat' dir='ltr'>cerebro</span> <span class='ocrx_word' id='word_1_123' title='bbox 1671 1354 1706 1401; x_wconf 89' lang='lat' dir='ltr'>a</span> <span class='ocrx_word' id='word_1_124' title='bbox 1811 1356 1909 1401; x_wconf 84' lang='lat' dir='ltr'>cor</span> <span class='ocrx_word' id='word_1_125' title='bbox 1962 1341 2524 1424; x_wconf 87' lang='lat' dir='ltr'>communicetur,</span> <span class='ocrx_word' id='word_1_126' title='bbox 2569 1274 2865 1429; x_wconf 67' lang='lat' dir='ltr'>ifludque</span> 
     </span>
     <span class='ocr_line' id='line_1_15' title="bbox 259 1416 1551 1499; baseline -0.005 -11"><span class='ocrx_word' id='word_1_127' title='bbox 259 1420 605 1488; x_wconf 87' lang='lat' dir='ltr'>concutiat</span> <span class='ocrx_word' id='word_1_128' title='bbox 630 1416 693 1483; x_wconf 86' lang='lat'>&amp;</span> <span class='ocrx_word' id='word_1_129' title='bbox 732 1430 951 1481; x_wconf 85' lang='lat' dir='ltr'>motum</span> <span class='ocrx_word' id='word_1_130' title='bbox 964 1417 1253 1499; x_wconf 76' lang='lat' dir='ltr'>febrilem</span> <span class='ocrx_word' id='word_1_131' title='bbox 1279 1417 1551 1482; x_wconf 79' lang='lat' dir='ltr'>excitet.</span> 
     </span>
    </p>

    <p class='ocr_par' dir='ltr' id='par_1_7' title="bbox 256 1498 2871 1927">
     <span class='ocr_line' id='line_1_16' title="bbox 345 1498 2862 1589; baseline -0.004 -21"><span class='ocrx_word' id='word_1_132' title='bbox 345 1503 420 1568; x_wconf 86' lang='lat' dir='ltr'>ld</span> <span class='ocrx_word' id='word_1_133' title='bbox 460 1498 665 1586; x_wconf 84' lang='lat' dir='ltr'>ipsum</span> <span class='ocrx_word' id='word_1_134' title='bbox 706 1498 1183 1580; x_wconf 80' lang='lat' dir='ltr'>comprobatur</span> <span class='ocrx_word' id='word_1_135' title='bbox 1218 1516 1302 1562; x_wconf 81' lang='lat' dir='ltr'>ex</span> <span class='ocrx_word' id='word_1_136' title='bbox 1318 1498 1538 1579; x_wconf 81' lang='lat' dir='ltr'>febrili</span> <span class='ocrx_word' id='word_1_137' title='bbox 1567 1510 1769 1579; x_wconf 80' lang='lat' dir='ltr'>motu,</span> <span class='ocrx_word' id='word_1_138' title='bbox 1815 1501 1927 1584; x_wconf 85' lang='lat' dir='ltr'>qui</span> <span class='ocrx_word' id='word_1_139' title='bbox 1972 1502 2299 1584; x_wconf 82' lang='lat' dir='ltr'>exoritur,</span> <span class='ocrx_word' id='word_1_140' title='bbox 2346 1503 2501 1570; x_wconf 89' lang='lat' dir='ltr'>dum</span> <span class='ocrx_word' id='word_1_141' title='bbox 2538 1517 2659 1589; x_wconf 84' lang='lat' dir='ltr'>pus</span> <span class='ocrx_word' id='word_1_142' title='bbox 2702 1523 2862 1573; x_wconf 76' lang='lat' dir='ltr'>con.</span> 
     </span>
     <span class='ocr_line' id='line_1_17' title="bbox 256 1575 2871 1667; baseline 0.001 -15"><span class='ocrx_word' id='word_1_143' title='bbox 256 1583 481 1653; x_wconf 82' lang='lat' dir='ltr'>ficitur</span> <span class='ocrx_word' id='word_1_144' title='bbox 524 1584 590 1647; x_wconf 89' lang='lat' dir='ltr'>in</span> <span class='ocrx_word' id='word_1_145' title='bbox 610 1575 872 1663; x_wconf 75' lang='lat' dir='ltr'>pustulis</span> <span class='ocrx_word' id='word_1_146' title='bbox 913 1579 975 1644; x_wconf 87' lang='lat'>&amp;</span> <span class='ocrx_word' id='word_1_147' title='bbox 1006 1580 1341 1659; x_wconf 79' lang='lat' dir='ltr'>ulceribus,</span> <span class='ocrx_word' id='word_1_148' title='bbox 1387 1579 1451 1644; x_wconf 88' lang='lat' dir='ltr'>in</span> <span class='ocrx_word' id='word_1_149' title='bbox 1500 1580 1733 1663; x_wconf 84' lang='lat' dir='ltr'>quibus</span> <span class='ocrx_word' id='word_1_150' title='bbox 1760 1580 1937 1663; x_wconf 83' lang='lat' dir='ltr'>succi</span> <span class='ocrx_word' id='word_1_151' title='bbox 1967 1587 2198 1666; x_wconf 81' lang='lat' dir='ltr'>pravi,</span> <span class='ocrx_word' id='word_1_152' title='bbox 2242 1595 2359 1667; x_wconf 77' lang='lat' dir='ltr'>pus</span> <span class='ocrx_word' id='word_1_153' title='bbox 2399 1585 2760 1654; x_wconf 87' lang='lat' dir='ltr'>efficientes</span> <span class='ocrx_word' id='word_1_154' title='bbox 2795 1588 2871 1664; x_wconf 60' lang='lat' dir='ltr'>‚Gt</span> 
     </span>
     <span class='ocr_line' id='line_1_18' title="bbox 259 1659 2868 1747; baseline 0 -15"><span class='ocrx_word' id='word_1_155' title='bbox 259 1665 774 1741; x_wconf 74' lang='lat' dir='ltr'>fermentanteS,</span> <span class='ocrx_word' id='word_1_156' title='bbox 821 1679 955 1727; x_wconf 88' lang='lat' dir='ltr'>non</span> <span class='ocrx_word' id='word_1_157' title='bbox 995 1678 1119 1745; x_wconf 80' lang='lat' dir='ltr'>per</span> <span class='ocrx_word' id='word_1_158' title='bbox 1159 1679 1348 1725; x_wconf 84' lang='lat' dir='ltr'>venas</span> <span class='ocrx_word' id='word_1_159' title='bbox 1379 1659 1458 1725; x_wconf 86' lang='lat' dir='ltr'>ad</span> <span class='ocrx_word' id='word_1_160' title='bbox 1501 1681 1637 1741; x_wconf 91' lang='lat' dir='ltr'>cor,</span> <span class='ocrx_word' id='word_1_161' title='bbox 1685 1659 1795 1726; x_wconf 89' lang='lat' dir='ltr'>sed</span> <span class='ocrx_word' id='word_1_162' title='bbox 1839 1681 1959 1747; x_wconf 84' lang='lat' dir='ltr'>per</span> <span class='ocrx_word' id='word_1_163' title='bbox 2002 1685 2220 1730; x_wconf 83' lang='lat' dir='ltr'>nervos</span> <span class='ocrx_word' id='word_1_164' title='bbox 2264 1667 2343 1731; x_wconf 90' lang='lat' dir='ltr'>ad</span> <span class='ocrx_word' id='word_1_165' title='bbox 2371 1671 2688 1733; x_wconf 45' lang='lat' dir='ltr'>*cerebrum</span> <span class='ocrx_word' id='word_1_166' title='bbox 2742 1682 2868 1734; x_wconf 87' lang='lat' dir='ltr'>tra·</span> 
     </span>
     <span class='ocr_line' id='line_1_19' title="bbox 262 1741 2868 1830; baseline -0.001 -19"><span class='ocrx_word' id='word_1_167' title='bbox 262 1747 629 1812; x_wconf 65' lang='lat' dir='ltr'>ducuntur:</span> <span class='ocrx_word' id='word_1_168' title='bbox 661 1741 866 1830; x_wconf 85' lang='lat' dir='ltr'>Quod</span> <span class='ocrx_word' id='word_1_169' title='bbox 906 1741 1206 1808; x_wconf 85' lang='lat' dir='ltr'>suadetur</span> <span class='ocrx_word' id='word_1_170' title='bbox 1236 1760 1322 1807; x_wconf 85' lang='lat' dir='ltr'>ex</span> <span class='ocrx_word' id='word_1_171' title='bbox 1365 1760 1450 1806; x_wconf 88' lang='lat' dir='ltr'>eo</span> <span class='ocrx_word' id='word_1_172' title='bbox 1462 1789 1486 1823; x_wconf 88' lang='lat'>,</span> <span class='ocrx_word' id='word_1_173' title='bbox 1533 1743 1712 1827; x_wconf 87' lang='lat' dir='ltr'>quod</span> <span class='ocrx_word' id='word_1_174' title='bbox 1743 1764 1840 1808; x_wconf 88' lang='lat' dir='ltr'>cor</span> <span class='ocrx_word' id='word_1_175' title='bbox 1870 1745 1961 1810; x_wconf 88' lang='lat' dir='ltr'>nil</span> <span class='ocrx_word' id='word_1_176' title='bbox 1999 1744 2143 1816; x_wconf 87' lang='lat' dir='ltr'>fere</span> <span class='ocrx_word' id='word_1_177' title='bbox 2174 1746 2451 1814; x_wconf 87' lang='lat' dir='ltr'>afficitur</span> <span class='ocrx_word' id='word_1_178' title='bbox 2489 1749 2526 1814; x_wconf 73' lang='grc' dir='ltr'>ὲ</span> <span class='ocrx_word' id='word_1_179' title='bbox 2557 1749 2868 1816; x_wconf 71' lang='lat' dir='ltr'>contactu</span> 
     </span>
     <span class='ocr_line' id='line_1_20' title="bbox 260 1825 2871 1927; baseline 0.001 -32"><span class='ocrx_word' id='word_1_180' title='bbox 260 1827 564 1895; x_wconf 84' lang='lat' dir='ltr'>fimilium</span> <span class='ocrx_word' id='word_1_181' title='bbox 578 1825 903 1910; x_wconf 80' lang='lat' dir='ltr'>succorum</span> <span class='ocrx_word' id='word_1_182' title='bbox 936 1826 1489 1908; x_wconf 77' lang='lat' dir='ltr'>fermentatorum,</span> <span class='ocrx_word' id='word_1_183' title='bbox 1537 1835 1627 1890; x_wconf 85' lang='lat' dir='ltr'>ut</span> <span class='ocrx_word' id='word_1_184' title='bbox 1655 1840 1838 1910; x_wconf 85' lang='lat' dir='ltr'>patet</span> <span class='ocrx_word' id='word_1_185' title='bbox 1881 1844 1966 1892; x_wconf 85' lang='lat' dir='ltr'>ex</span> <span class='ocrx_word' id='word_1_186' title='bbox 2026 1826 2290 1910; x_wconf 82' lang='lat' dir='ltr'>transitu</span> <span class='ocrx_word' id='word_1_187' title='bbox 2327 1833 2507 1914; x_wconf 83' lang='lat' dir='ltr'>puris</span> <span class='ocrx_word' id='word_1_188' title='bbox 2553 1831 2871 1927; x_wconf 76' lang='lat' dir='ltr'>pleuritici</span> 
     </span>
    </p>
   </div>
   <div class='ocr_carea' id='block_1_4' title="bbox 260 1905 2874 2079">
    <p class='ocr_par' dir='ltr' id='par_1_8' title="bbox 260 1905 2874 2079">
     <span class='ocr_line' id='line_1_21' title="bbox 260 1905 2874 2058; baseline 0.002 -85"><span class='ocrx_word' id='word_1_189' title='bbox 260 1927 386 1995; x_wconf 84' lang='lat' dir='ltr'>per</span> <span class='ocrx_word' id='word_1_190' title='bbox 431 1929 552 1974; x_wconf 80' lang='lat' dir='ltr'>cor.</span> <span class='ocrx_word' id='word_1_191' title='bbox 641 1905 863 2000; x_wconf 82' lang='lat' dir='ltr'>Quare</span> <span class='ocrx_word' id='word_1_192' title='bbox 970 1905 1265 2001; x_wconf 54' lang='lat' dir='ltr'>nedictus</span> <span class='ocrx_word' id='word_1_193' title='bbox 1345 1925 1528 1971; x_wconf 84' lang='lat' dir='ltr'>uccus</span> <span class='ocrx_word' id='word_1_194' title='bbox 1569 1908 1983 1987; x_wconf 86' lang='lat' dir='ltr'>fermentatus</span> <span class='ocrx_word' id='word_1_195' title='bbox 2020 1907 2404 2003; x_wconf 79' lang='lat' dir='ltr'>pustularum</span> <span class='ocrx_word' id='word_1_196' title='bbox 2433 1961 2454 1994; x_wconf 93' lang='lat'>,</span> <span class='ocrx_word' id='word_1_197' title='bbox 2502 1930 2626 2058; x_wconf 75' lang='lat' dir='ltr'>¹qm</span> <span class='ocrx_word' id='word_1_198' title='bbox 2678 1913 2874 1979; x_wconf 83' lang='lat' dir='ltr'>valde</span> 
     </span>
     <span class='ocr_line' id='line_1_22' title="bbox 261 1988 2866 2079; baseline 0 -21"><span class='ocrx_word' id='word_1_199' title='bbox 261 1989 636 2059; x_wconf 86' lang='lat' dir='ltr'>mordicare</span> <span class='ocrx_word' id='word_1_200' title='bbox 663 2008 928 2053; x_wconf 76' lang='lat' dir='ltr'>nervosi</span> <span class='ocrx_word' id='word_1_201' title='bbox 981 1988 1157 2053; x_wconf 78' lang='lat' dir='ltr'>idem</span> <span class='ocrx_word' id='word_1_202' title='bbox 1200 1988 1243 2052; x_wconf 90' lang='lat' dir='ltr'>d</span> <span class='ocrx_word' id='word_1_203' title='bbox 1333 2003 1567 2053; x_wconf 86' lang='lat' dir='ltr'>nentes</span> <span class='ocrx_word' id='word_1_204' title='bbox 1610 1988 1868 2072; x_wconf 86' lang='lat' dir='ltr'>potest,</span> <span class='ocrx_word' id='word_1_205' title='bbox 1913 1988 2112 2056; x_wconf 77' lang='lat' dir='ltr'>facile</span> <span class='ocrx_word' id='word_1_206' title='bbox 2155 1991 2477 2074; x_wconf 80' lang='lat' dir='ltr'>veneficam</span> <span class='ocrx_word' id='word_1_207' title='bbox 2535 2013 2682 2059; x_wconf 87' lang='lat' dir='ltr'>uam</span> <span class='ocrx_word' id='word_1_208' title='bbox 2717 2014 2866 2079; x_wconf 83' lang='lat' dir='ltr'>qua-</span> 
     </span>
    </p>
   </div>
   <div class='ocr_carea' id='block_1_5' title="bbox 230 2070 2875 3705">
    <p class='ocr_par' dir='ltr' id='par_1_9' title="bbox 232 2070 2866 2239">
     <span class='ocr_line' id='line_1_23' title="bbox 266 2070 2866 2159; baseline 0.001 -21"><span class='ocrx_word' id='word_1_209' title='bbox 266 2074 503 2138; x_wconf 79' lang='lat' dir='ltr'>litatem</span> <span class='ocrx_word' id='word_1_210' title='bbox 532 2073 797 2149; x_wconf 84' lang='lat' dir='ltr'>cerebro,</span> <span class='ocrx_word' id='word_1_211' title='bbox 841 2071 903 2136; x_wconf 76' lang='grc' dir='ltr'>ἀ</span> <span class='ocrx_word' id='word_1_212' title='bbox 937 2070 1093 2135; x_wconf 89' lang='lat' dir='ltr'>hinc</span> <span class='ocrx_word' id='word_1_213' title='bbox 1153 2072 1319 2134; x_wconf 82' lang='lat' dir='ltr'>cordi</span> <span class='ocrx_word' id='word_1_214' title='bbox 1376 2073 1807 2134; x_wconf 69' lang='lat' dir='ltr'>cc‘nnmotionem</span> <span class='ocrx_word' id='word_1_215' title='bbox 1864 2074 2349 2138; x_wconf 86' lang='lat' dir='ltr'>communicare</span> <span class='ocrx_word' id='word_1_216' title='bbox 2406 2073 2662 2159; x_wconf 89' lang='lat' dir='ltr'>potest,</span> <span class='ocrx_word' id='word_1_217' title='bbox 2705 2071 2866 2156; x_wconf 78' lang='lat' dir='ltr'>eius·</span> 
     </span>
     <span class='ocr_line' id='line_1_24' title="bbox 232 2149 1776 2239; baseline -0.003 -20"><span class='ocrx_word' id='word_1_218' title='bbox 232 2171 404 2239; x_wconf 82' lang='lat' dir='ltr'>‹que</span> <span class='ocrx_word' id='word_1_219' title='bbox 433 2152 805 2236; x_wconf 82' lang='lat' dir='ltr'>rhythmum</span> <span class='ocrx_word' id='word_1_220' title='bbox 834 2151 1109 2217; x_wconf 85' lang='lat' dir='ltr'>alterare</span> <span class='ocrx_word' id='word_1_221' title='bbox 1138 2152 1200 2217; x_wconf 87' lang='lat'>&amp;</span> <span class='ocrx_word' id='word_1_222' title='bbox 1236 2152 1459 2231; x_wconf 75' lang='lat' dir='ltr'>febrem</span> <span class='ocrx_word' id='word_1_223' title='bbox 1490 2149 1776 2220; x_wconf 77' lang='lat' dir='ltr'>efficere.</span> 
     </span>
    </p>

    <p class='ocr_par' dir='ltr' id='par_1_10' title="bbox 232 2228 2870 2893">
     <span class='ocr_line' id='line_1_25' title="bbox 356 2228 2865 2330; baseline 0.002 -29"><span class='ocrx_word' id='word_1_224' title='bbox 356 2232 517 2301; x_wconf 88' lang='lat' dir='ltr'>Non</span> <span class='ocrx_word' id='word_1_225' title='bbox 545 2231 727 2299; x_wconf 76' lang='lat' dir='ltr'>secus</span> <span class='ocrx_word' id='word_1_226' title='bbox 750 2252 834 2300; x_wconf 85' lang='lat' dir='ltr'>ex</span> <span class='ocrx_word' id='word_1_227' title='bbox 862 2233 1040 2315; x_wconf 81' lang='lat' dir='ltr'><em>febre</em></span> <span class='ocrx_word' id='word_1_228' title='bbox 1085 2233 1230 2313; x_wconf 90' lang='lat' dir='ltr'>illa,</span> <span class='ocrx_word' id='word_1_229' title='bbox 1280 2249 1422 2316; x_wconf 81' lang='lat' dir='ltr'>qua:</span> <span class='ocrx_word' id='word_1_230' title='bbox 1470 2231 1532 2297; x_wconf 91' lang='lat' dir='ltr'>in</span> <span class='ocrx_word' id='word_1_231' title='bbox 1565 2232 1908 2299; x_wconf 69' lang='lat' dir='ltr'>arthritide</span> <span class='ocrx_word' id='word_1_232' title='bbox 1950 2228 2326 2330; x_wconf 72' lang='lat' dir='ltr'>consurgit,</span> <span class='ocrx_word' id='word_1_233' title='bbox 2368 2235 2436 2301; x_wconf 85' lang='lat' dir='ltr'>id</span> <span class='ocrx_word' id='word_1_234' title='bbox 2467 2233 2672 2320; x_wconf 88' lang='lat' dir='ltr'>ipsum</span> <span class='ocrx_word' id='word_1_235' title='bbox 2702 2256 2865 2307; x_wconf 89' lang='lat' dir='ltr'>con·</span> 
     </span>
     <span class='ocr_line' id='line_1_26' title="bbox 232 2310 2866 2408; baseline 0.001 -23"><span class='ocrx_word' id='word_1_236' title='bbox 232 2316 511 2386; x_wconf 61' lang='lat' dir='ltr'>⁴firmari</span> <span class='ocrx_word' id='word_1_237' title='bbox 557 2313 796 2400; x_wconf 87' lang='lat' dir='ltr'>potest.</span> <span class='ocrx_word' id='word_1_238' title='bbox 862 2310 1101 2408; x_wconf 85' lang='lat' dir='ltr'>·Quia,</span> <span class='ocrx_word' id='word_1_239' title='bbox 1145 2315 1367 2380; x_wconf 86' lang='lat' dir='ltr'>dolores</span> <span class='ocrx_word' id='word_1_240' title='bbox 1413 2314 1564 2379; x_wconf 85' lang='lat' dir='ltr'>illos</span> <span class='ocrx_word' id='word_1_241' title='bbox 1592 2316 1953 2381; x_wconf 79' lang='lat' dir='ltr'>articulares</span> <span class='ocrx_word' id='word_1_242' title='bbox 2008 2315 2445 2382; x_wconf 78' lang='lat' dir='ltr'>acerbiflimos</span> <span class='ocrx_word' id='word_1_243' title='bbox 2497 2338 2579 2382; x_wconf 77' lang='lat' dir='ltr'>ex</span> <span class='ocrx_word' id='word_1_244' title='bbox 2646 2322 2866 2387; x_wconf 81' lang='lat' dir='ltr'>mordi-</span> 
     </span>
     <span class='ocr_line' id='line_1_27' title="bbox 232 2395 2866 2483; baseline 0 -17"><span class='ocrx_word' id='word_1_245' title='bbox 232 2402 503 2466; x_wconf 41' lang='lat' dir='ltr'>:catione</span> <span class='ocrx_word' id='word_1_246' title='bbox 546 2401 1028 2465; x_wconf 80' lang='lat' dir='ltr'>membranarum</span> <span class='ocrx_word' id='word_1_247' title='bbox 1086 2395 1149 2463; x_wconf 70' lang='grc' dir='ltr'>ἀ</span> <span class='ocrx_word' id='word_1_248' title='bbox 1207 2398 1517 2471; x_wconf 77' lang='lat' dir='ltr'>tendinum</span> <span class='ocrx_word' id='word_1_249' title='bbox 1569 2396 1950 2482; x_wconf 81' lang='lat' dir='ltr'>nervosorum</span> <span class='ocrx_word' id='word_1_250' title='bbox 2008 2398 2218 2478; x_wconf 89' lang='lat' dir='ltr'>oriri,</span> <span class='ocrx_word' id='word_1_251' title='bbox 2277 2397 2688 2466; x_wconf 84' lang='lat' dir='ltr'>manifestum</span> <span class='ocrx_word' id='word_1_252' title='bbox 2722 2400 2866 2483; x_wconf 88' lang='lat' dir='ltr'>est;</span> 
     </span>
     <span class='ocr_line' id='line_1_28' title="bbox 234 2477 2865 2566; baseline 0 -18"><span class='ocrx_word' id='word_1_253' title='bbox 234 2478 1054 2566; x_wconf 73' lang='lat' dir='ltr'>·ralesque-mordieationes</span> <span class='ocrx_word' id='word_1_254' title='bbox 1084 2477 1227 2545; x_wconf 87' lang='lat' dir='ltr'>fieri</span> <span class='ocrx_word' id='word_1_255' title='bbox 1259 2478 1297 2545; x_wconf 75' lang='lat' dir='ltr'>a</span> <span class='ocrx_word' id='word_1_256' title='bbox 1321 2477 1528 2561; x_wconf 83' lang='lat' dir='ltr'>succis</span> <span class='ocrx_word' id='word_1_257' title='bbox 1555 2478 1782 2561; x_wconf 84' lang='lat' dir='ltr'>salinis</span> <span class='ocrx_word' id='word_1_258' title='bbox 1813 2479 1877 2544; x_wconf 88' lang='lat'>&amp;</span> <span class='ocrx_word' id='word_1_259' title='bbox 1928 2483 2255 2558; x_wconf 81' lang='lat' dir='ltr'>tartareis,</span> <span class='ocrx_word' id='word_1_260' title='bbox 2302 2480 2543 2546; x_wconf 83' lang='lat' dir='ltr'>ibidem</span> <span class='ocrx_word' id='word_1_261' title='bbox 2590 2501 2865 2549; x_wconf 88' lang='lat' dir='ltr'>concur·</span> 
     </span>
     <span class='ocr_line' id='line_1_29' title="bbox 265 2555 2867 2709; baseline 0 -80"><span class='ocrx_word' id='word_1_262' title='bbox 265 2563 558 2630; x_wconf 79' lang='lat' dir='ltr'>rentibus</span> <span class='ocrx_word' id='word_1_263' title='bbox 551 2563 1025 2709; x_wconf 52' lang='lat' dir='ltr'>gd{fermentatis</span> <span class='ocrx_word' id='word_1_264' title='bbox 1059 2555 1472 2649; x_wconf 81' lang='lat' dir='ltr'>agitatisque,</span> <span class='ocrx_word' id='word_1_265' title='bbox 1521 2560 1945 2626; x_wconf 80' lang='lat' dir='ltr'>dubitandum</span> <span class='ocrx_word' id='word_1_266' title='bbox 1999 2578 2133 2627; x_wconf 89' lang='lat' dir='ltr'>non</span> <span class='ocrx_word' id='word_1_267' title='bbox 2197 2560 2329 2626; x_wconf 85' lang='lat' dir='ltr'>est:</span> <span class='ocrx_word' id='word_1_268' title='bbox 2377 2560 2551 2627; x_wconf 83' lang='lat' dir='ltr'>unde</span> <span class='ocrx_word' id='word_1_269' title='bbox 2611 2565 2867 2650; x_wconf 86' lang='lat' dir='ltr'>colligi·</span> 
     </span>
     <span class='ocr_line' id='line_1_30' title="bbox 236 2639 2868 2728; baseline 0 -17"><span class='ocrx_word' id='word_1_270' title='bbox 236 2678 251 2697; x_wconf 82' lang='lat'>-·</span> <span class='ocrx_word' id='word_1_271' title='bbox 268 2658 377 2711; x_wconf 82' lang='lat' dir='ltr'>tur</span> <span class='ocrx_word' id='word_1_272' title='bbox 391 2663 543 2728; x_wconf 62' lang='lat' dir='ltr'>,qu</span> <span class='ocrx_word' id='word_1_273' title='bbox 646 2666 651 2675; x_wconf 89' lang='lat'><em>·</em></span> <span class='ocrx_word' id='word_1_274' title='bbox 664 2644 843 2728; x_wconf 76' lang='lat' dir='ltr'>succi</span> <span class='ocrx_word' id='word_1_275' title='bbox 866 2642 977 2708; x_wconf 50' lang='lat' dir='ltr'>“int</span> <span class='ocrx_word' id='word_1_276' title='bbox 1000 2642 1533 2708; x_wconf 80' lang='lat' dir='ltr'>mordicantes·vel</span> <span class='ocrx_word' id='word_1_277' title='bbox 1572 2643 1832 2707; x_wconf 85' lang='lat' dir='ltr'>irritant</span> <span class='ocrx_word' id='word_1_278' title='bbox 1887 2662 2107 2708; x_wconf 83' lang='lat' dir='ltr'>nervos</span> <span class='ocrx_word' id='word_1_279' title='bbox 2147 2639 2353 2726; x_wconf 86' lang='lat' dir='ltr'>usque</span> <span class='ocrx_word' id='word_1_280' title='bbox 2399 2645 2479 2709; x_wconf 88' lang='lat' dir='ltr'>ad</span> <span class='ocrx_word' id='word_1_281' title='bbox 2523 2650 2868 2727; x_wconf 83' lang='lat' dir='ltr'>cerebrum,</span> 
     </span>
     <span class='ocr_line' id='line_1_31' title="bbox 257 2719 2870 2808; baseline 0 -16"><span class='ocrx_word' id='word_1_282' title='bbox 257 2726 377 2792; x_wconf 80' lang='lat' dir='ltr'>vel</span> <span class='ocrx_word' id='word_1_283' title='bbox 411 2725 933 2797; x_wconf 85' lang='lat' dir='ltr'>communicatur</span> <span class='ocrx_word' id='word_1_284' title='bbox 950 2723 1170 2806; x_wconf 73' lang='lat' dir='ltr'>succus</span> <span class='ocrx_word' id='word_1_285' title='bbox 1224 2723 1333 2790; x_wconf 89' lang='lat' dir='ltr'>ille</span> <span class='ocrx_word' id='word_1_286' title='bbox 1365 2719 1562 2806; x_wconf 88' lang='lat' dir='ltr'>usque</span> <span class='ocrx_word' id='word_1_287' title='bbox 1598 2724 1680 2793; x_wconf 87' lang='lat' dir='ltr'>ad</span> <span class='ocrx_word' id='word_1_288' title='bbox 1714 2727 2052 2806; x_wconf 82' lang='lat' dir='ltr'>cerebrum,</span> <span class='ocrx_word' id='word_1_289' title='bbox 2100 2725 2162 2791; x_wconf 73' lang='grc' dir='ltr'>δε</span> <span class='ocrx_word' id='word_1_290' title='bbox 2190 2725 2346 2790; x_wconf 86' lang='lat' dir='ltr'>hinc</span> <span class='ocrx_word' id='word_1_291' title='bbox 2374 2725 2456 2791; x_wconf 89' lang='lat' dir='ltr'>ad</span> <span class='ocrx_word' id='word_1_292' title='bbox 2511 2747 2646 2808; x_wconf 86' lang='lat' dir='ltr'>cor,</span> <span class='ocrx_word' id='word_1_293' title='bbox 2691 2724 2870 2793; x_wconf 84' lang='lat' dir='ltr'>unde</span> 
     </span>
     <span class='ocr_line' id='line_1_32' title="bbox 250 2804 2816 2893; baseline -0.001 -20"><span class='ocrx_word' id='word_1_294' title='bbox 250 2808 515 2893; x_wconf 69' lang='lat' dir='ltr'>febrilis</span> <span class='ocrx_word' id='word_1_295' title='bbox 544 2807 649 2873; x_wconf 87' lang='lat' dir='ltr'>illa</span> <span class='ocrx_word' id='word_1_296' title='bbox 679 2807 1055 2874; x_wconf 78' lang='lat' dir='ltr'>continuata</span> <span class='ocrx_word' id='word_1_297' title='bbox 1086 2804 1571 2889; x_wconf 74' lang='lat' dir='ltr'>excandescentia</span> <span class='ocrx_word' id='word_1_298' title='bbox 1600 2805 1755 2871; x_wconf 86' lang='lat' dir='ltr'>oriri</span> <span class='ocrx_word' id='word_1_299' title='bbox 1787 2804 2025 2891; x_wconf 84' lang='lat' dir='ltr'>potest.</span> <span class='ocrx_word' id='word_1_300' title='bbox 2805 2878 2816 2887; x_wconf 20' lang='grc' dir='ltr'>ἱ</span> 
     </span>
    </p>

    <p class='ocr_par' dir='ltr' id='par_1_11' title="bbox 234 2886 2871 3222">
     <span class='ocr_line' id='line_1_33' title="bbox 356 2886 2868 2975; baseline 0.001 -21"><span class='ocrx_word' id='word_1_301' title='bbox 356 2887 534 2955; x_wconf 87' lang='lat' dir='ltr'>Idem</span> <span class='ocrx_word' id='word_1_302' title='bbox 562 2888 690 2954; x_wconf 67' lang='lat' dir='ltr'>dici</span> <span class='ocrx_word' id='word_1_303' title='bbox 722 2888 925 2954; x_wconf 84' lang='lat' dir='ltr'>debet</span> <span class='ocrx_word' id='word_1_304' title='bbox 946 2889 1037 2953; x_wconf 74' lang='lat' dir='ltr'>&#39;de</span> <span class='ocrx_word' id='word_1_305' title='bbox 1052 2889 1339 2972; x_wconf 74' lang='lat' dir='ltr'>qualibet</span> <span class='ocrx_word' id='word_1_306' title='bbox 1356 2886 1534 2970; x_wconf 82' lang='lat' dir='ltr'>febre</span> <span class='ocrx_word' id='word_1_307' title='bbox 1554 2888 2054 2975; x_wconf 70' lang='lat' dir='ltr'>symptomatr&#39;ca,</span> <span class='ocrx_word' id='word_1_308' title='bbox 2075 2890 2143 2954; x_wconf 90' lang='lat' dir='ltr'>in</span> <span class='ocrx_word' id='word_1_309' title='bbox 2174 2888 2403 2974; x_wconf 82' lang='lat' dir='ltr'>quibus</span> <span class='ocrx_word' id='word_1_310' title='bbox 2433 2888 2735 2955; x_wconf 87' lang='lat' dir='ltr'>omnibus</span> <span class='ocrx_word' id='word_1_311' title='bbox 2751 2908 2868 2956; x_wconf 87' lang='lat' dir='ltr'>ve·</span> 
     </span>
     <span class='ocr_line' id='line_1_34' title="bbox 238 2969 2871 3055; baseline -0.002 -13"><span class='ocrx_word' id='word_1_312' title='bbox 238 2969 596 3052; x_wconf 73' lang='lat' dir='ltr'>-rificatur,</span> <span class='ocrx_word' id='word_1_313' title='bbox 616 2971 795 3055; x_wconf 85' lang='lat' dir='ltr'>quod</span> <span class='ocrx_word' id='word_1_314' title='bbox 823 2990 925 3037; x_wconf 79' lang='lat' dir='ltr'>ex</span> <span class='ocrx_word' id='word_1_315' title='bbox 944 2971 1112 3037; x_wconf 88' lang='lat' dir='ltr'>locis</span> <span class='ocrx_word' id='word_1_316' title='bbox 1140 2970 1387 3036; x_wconf 67' lang='lat' dir='ltr'>affectis</span> <span class='ocrx_word' id='word_1_317' title='bbox 1415 2986 1536 3052; x_wconf 88' lang='lat' dir='ltr'>per</span> <span class='ocrx_word' id='word_1_318' title='bbox 1565 2988 1780 3035; x_wconf 76' lang='lat' dir='ltr'>nervos</span> <span class='ocrx_word' id='word_1_319' title='bbox 1798 2971 2319 3037; x_wconf 80' lang='lat' dir='ltr'>communicatur</span> <span class='ocrx_word' id='word_1_320' title='bbox 2348 2974 2612 3053; x_wconf 79' lang='lat' dir='ltr'>cerebro,</span> <span class='ocrx_word' id='word_1_321' title='bbox 2633 2971 2871 3038; x_wconf 85' lang='lat' dir='ltr'>&amp;inde</span> 
     </span>
     <span class='ocr_line' id='line_1_35' title="bbox 257 3050 2867 3136; baseline 0 -16"><span class='ocrx_word' id='word_1_322' title='bbox 257 3056 472 3134; x_wconf 78' lang='lat' dir='ltr'>cordi,</span> <span class='ocrx_word' id='word_1_323' title='bbox 510 3054 979 3135; x_wconf 61' lang='lat' dir='ltr'>velirritatw,</span> <span class='ocrx_word' id='word_1_324' title='bbox 1023 3054 1135 3118; x_wconf 86' lang='lat' dir='ltr'>vel</span> <span class='ocrx_word' id='word_1_325' title='bbox 1178 3050 1508 3119; x_wconf 84' lang='lat' dir='ltr'>transsatio</span> <span class='ocrx_word' id='word_1_326' title='bbox 1548 3054 1963 3118; x_wconf 80' lang='lat' dir='ltr'>mordacitatis</span> <span class='ocrx_word' id='word_1_327' title='bbox 1989 3099 2011 3134; x_wconf 86' lang='lat'>,</span> <span class='ocrx_word' id='word_1_328' title='bbox 2053 3050 2231 3119; x_wconf 85' lang='lat' dir='ltr'>unde</span> <span class='ocrx_word' id='word_1_329' title='bbox 2263 3066 2456 3118; x_wconf 82' lang='lat' dir='ltr'>motus</span> <span class='ocrx_word' id='word_1_330' title='bbox 2504 3055 2700 3136; x_wconf 77' lang='lat' dir='ltr'>cordis</span> <span class='ocrx_word' id='word_1_331' title='bbox 2758 3073 2867 3121; x_wconf 85' lang='lat' dir='ltr'>au·</span> 
     </span>
     <span class='ocr_line' id='line_1_36' title="bbox 234 3135 1458 3222; baseline 0 -22"><span class='ocrx_word' id='word_1_332' title='bbox 234 3150 506 3222; x_wconf 80' lang='lat' dir='ltr'>-getur,</span> <span class='ocrx_word' id='word_1_333' title='bbox 554 3135 1107 3220; x_wconf 84' lang='lat' dir='ltr'>acceleraturque.</span> <span class='ocrx_word' id='word_1_334' title='bbox 1449 3145 1458 3156; x_wconf 87' lang='lat'>·</span> 
     </span>
    </p>

    <p class='ocr_par' dir='ltr' id='par_1_12' title="bbox 230 3211 2875 3705">
     <span class='ocr_line' id='line_1_37' title="bbox 320 3211 2871 3301; baseline 0 -19"><span class='ocrx_word' id='word_1_335' title='bbox 320 3211 624 3282; x_wconf 81' lang='lat' dir='ltr'>··Ostensa</span> <span class='ocrx_word' id='word_1_336' title='bbox 678 3216 808 3298; x_wconf 73' lang='lat' dir='ltr'>iam</span> <span class='ocrx_word' id='word_1_337' title='bbox 848 3216 1270 3301; x_wconf 69' lang='lat' dir='ltr'>symptomatt&#39;s</span> <span class='ocrx_word' id='word_1_338' title='bbox 1337 3212 1678 3282; x_wconf 79' lang='lat' dir='ltr'>existentia</span> <span class='ocrx_word' id='word_1_339' title='bbox 1706 3214 1800 3283; x_wconf 64' lang='grc' dir='ltr'>»ἀ</span> <span class='ocrx_word' id='word_1_340' title='bbox 1861 3216 2141 3282; x_wconf 86' lang='lat' dir='ltr'>veritate</span> <span class='ocrx_word' id='word_1_341' title='bbox 2175 3264 2196 3296; x_wconf 95' lang='lat'>,</span> <span class='ocrx_word' id='word_1_342' title='bbox 2255 3216 2606 3301; x_wconf 64' lang='lat' dir='ltr'>quaerenda</span> <span class='ocrx_word' id='word_1_343' title='bbox 2663 3219 2871 3284; x_wconf 88' lang='lat' dir='ltr'>modo</span> 
     </span>
     <span class='ocr_line' id='line_1_38' title="bbox 234 3295 2862 3381; baseline -0.001 -14"><span class='ocrx_word' id='word_1_344' title='bbox 234 3296 469 3367; x_wconf 65' lang='lat' dir='ltr'>2restat</span> <span class='ocrx_word' id='word_1_345' title='bbox 494 3296 685 3364; x_wconf 88' lang='lat' dir='ltr'>causa</span> <span class='ocrx_word' id='word_1_346' title='bbox 727 3299 790 3364; x_wconf 87' lang='lat'>&amp;</span> <span class='ocrx_word' id='word_1_347' title='bbox 814 3299 1194 3379; x_wconf 75' lang='lat' dir='ltr'>-neceffita3‚</span> <span class='ocrx_word' id='word_1_348' title='bbox 1241 3316 1440 3381; x_wconf 83' lang='lat' dir='ltr'>quare</span> <span class='ocrx_word' id='word_1_349' title='bbox 1490 3300 1766 3371; x_wconf 75' lang='lat' dir='ltr'>irritatio</span> <span class='ocrx_word' id='word_1_350' title='bbox 1789 3295 1978 3363; x_wconf 60' lang='lat' dir='ltr'>faeta</span> <span class='ocrx_word' id='word_1_351' title='bbox 2004 3299 2066 3362; x_wconf 90' lang='lat' dir='ltr'>in</span> <span class='ocrx_word' id='word_1_352' title='bbox 2106 3303 2312 3361; x_wconf 84' lang='lat' dir='ltr'>nervis</span> <span class='ocrx_word' id='word_1_353' title='bbox 2341 3299 2382 3362; x_wconf 77' lang='grc' dir='ltr'>ὲ</span> <span class='ocrx_word' id='word_1_354' title='bbox 2421 3302 2651 3362; x_wconf 82' lang='lat' dir='ltr'>cerebro</span> <span class='ocrx_word' id='word_1_355' title='bbox 2680 3318 2862 3364; x_wconf 90' lang='lat' dir='ltr'>com·</span> 
     </span>
     <span class='ocr_line' id='line_1_39' title="bbox 230 3378 2867 3464; baseline -0 -18"><span class='ocrx_word' id='word_1_356' title='bbox 230 3380 585 3451; x_wconf 60' lang='lat' dir='ltr'>«manicati</span> <span class='ocrx_word' id='word_1_357' title='bbox 627 3382 852 3464; x_wconf 85' lang='lat' dir='ltr'>potius</span> <span class='ocrx_word' id='word_1_358' title='bbox 884 3380 1419 3462; x_wconf 66' lang='lat' dir='ltr'>debeatmusculo</span> <span class='ocrx_word' id='word_1_359' title='bbox 1446 3383 1677 3459; x_wconf 84' lang='lat' dir='ltr'>cor-dis,</span> <span class='ocrx_word' id='word_1_360' title='bbox 1722 3398 1910 3463; x_wconf 85' lang='lat' dir='ltr'>quam</span> <span class='ocrx_word' id='word_1_361' title='bbox 1938 3379 2192 3445; x_wconf 83' lang='lat' dir='ltr'>caetcris</span> <span class='ocrx_word' id='word_1_362' title='bbox 2221 3378 2496 3460; x_wconf 73' lang='lat' dir='ltr'>musculis</span> <span class='ocrx_word' id='word_1_363' title='bbox 2529 3381 2821 3445; x_wconf 88' lang='lat' dir='ltr'>animalis</span> <span class='ocrx_word' id='word_1_364' title='bbox 2841 3427 2867 3461; x_wconf 93' lang='lat'>,</span> 
     </span>
     <span class='ocr_line' id='line_1_40' title="bbox 265 3457 2867 3556; baseline 0 -28"><span class='ocrx_word' id='word_1_365' title='bbox 265 3462 353 3528; x_wconf 81' lang='lat' dir='ltr'>ad</span> <span class='ocrx_word' id='word_1_366' title='bbox 386 3480 552 3546; x_wconf 86' lang='lat' dir='ltr'>quos</span> <span class='ocrx_word' id='word_1_367' title='bbox 582 3462 621 3528; x_wconf 77' lang='grc' dir='ltr'>ὲ</span> <span class='ocrx_word' id='word_1_368' title='bbox 654 3465 882 3556; x_wconf 64' lang='lat' dir='ltr'>cqehro</span> <span class='ocrx_word' id='word_1_369' title='bbox 912 3467 1090 3528; x_wconf 83' lang='lat' dir='ltr'>nervi</span> <span class='ocrx_word' id='word_1_370' title='bbox 1120 3480 1331 3546; x_wconf 87' lang='lat' dir='ltr'>propa</span> <span class='ocrx_word' id='word_1_371' title='bbox 1379 3477 1565 3525; x_wconf 85' lang='lat' dir='ltr'>antur</span> <span class='ocrx_word' id='word_1_372' title='bbox 1592 3480 1728 3526; x_wconf 89' lang='lat' dir='ltr'>non</span> <span class='ocrx_word' id='word_1_373' title='bbox 1788 3457 2011 3537; x_wconf 84' lang='lat' dir='ltr'>secus,</span> <span class='ocrx_word' id='word_1_374' title='bbox 2056 3479 2244 3543; x_wconf 87' lang='lat' dir='ltr'>quam</span> <span class='ocrx_word' id='word_1_375' title='bbox 2290 3460 2372 3524; x_wconf 91' lang='lat' dir='ltr'>ad</span> <span class='ocrx_word' id='word_1_376' title='bbox 2416 3480 2568 3540; x_wconf 78' lang='lat' dir='ltr'>cor-3</span> <span class='ocrx_word' id='word_1_377' title='bbox 2613 3461 2674 3527; x_wconf 90' lang='lat'>&amp;</span> <span class='ocrx_word' id='word_1_378' title='bbox 2731 3479 2867 3529; x_wconf 87' lang='lat' dir='ltr'>tam</span> 
     </span>
     <span class='ocr_line' id='line_1_41' title="bbox 262 3540 2868 3631; baseline -0.001 -21"><span class='ocrx_word' id='word_1_379' title='bbox 262 3543 422 3622; x_wconf 90' lang='lat' dir='ltr'>hic,</span> <span class='ocrx_word' id='word_1_380' title='bbox 469 3562 662 3627; x_wconf 89' lang='lat' dir='ltr'>quam</span> <span class='ocrx_word' id='word_1_381' title='bbox 710 3543 804 3608; x_wconf 77' lang='lat' dir='ltr'>illi</span> <span class='ocrx_word' id='word_1_382' title='bbox 834 3540 978 3610; x_wconf 90' lang='lat' dir='ltr'>sunt</span> <span class='ocrx_word' id='word_1_383' title='bbox 1009 3542 1224 3608; x_wconf 56' lang='lat' dir='ltr'>duetus</span> <span class='ocrx_word' id='word_1_384' title='bbox 1253 3545 1335 3608; x_wconf 90' lang='lat' dir='ltr'>de</span> <span class='ocrx_word' id='word_1_385' title='bbox 1374 3556 1636 3606; x_wconf 87' lang='lat' dir='ltr'>erentes</span> <span class='ocrx_word' id='word_1_386' title='bbox 1664 3544 1795 3606; x_wconf 81' lang='lat' dir='ltr'>vim</span> <span class='ocrx_word' id='word_1_387' title='bbox 1836 3542 1897 3608; x_wconf 87' lang='lat'>&amp;</span> <span class='ocrx_word' id='word_1_388' title='bbox 1936 3542 2292 3623; x_wconf 80' lang='lat' dir='ltr'>facultatem</span> <span class='ocrx_word' id='word_1_389' title='bbox 2333 3544 2638 3608; x_wconf 87' lang='lat' dir='ltr'>motivam.</span> <span class='ocrx_word' id='word_1_390' title='bbox 2687 3540 2868 3631; x_wconf 85' lang='lat' dir='ltr'>Qua·</span> 
     </span>
     <span class='ocr_line' id='line_1_42' title="bbox 261 3621 2875 3705; baseline -0.002 -12"><span class='ocrx_word' id='word_1_391' title='bbox 261 3643 345 3693; x_wconf 83' lang='lat' dir='ltr'>re</span> <span class='ocrx_word' id='word_1_392' title='bbox 392 3622 651 3689; x_wconf 80' lang='lat' dir='ltr'>neceffe</span> <span class='ocrx_word' id='word_1_393' title='bbox 678 3624 897 3705; x_wconf 86' lang='lat' dir='ltr'>foret,</span> <span class='ocrx_word' id='word_1_394' title='bbox 943 3641 1017 3690; x_wconf 86' lang='lat' dir='ltr'>ut</span> <span class='ocrx_word' id='word_1_395' title='bbox 1049 3627 1087 3692; x_wconf 81' lang='lat' dir='ltr'>e</span> <span class='ocrx_word' id='word_1_396' title='bbox 1121 3627 1239 3692; x_wconf 67' lang='lat' dir='ltr'>tali</span> <span class='ocrx_word' id='word_1_397' title='bbox 1273 3621 1619 3691; x_wconf 75' lang='lat' dir='ltr'>diffusione</span> <span class='ocrx_word' id='word_1_398' title='bbox 1654 3622 1691 3689; x_wconf 74' lang='lat' dir='ltr'>a</span> <span class='ocrx_word' id='word_1_399' title='bbox 1733 3628 1999 3703; x_wconf 86' lang='lat' dir='ltr'>cerebro,</span> <span class='ocrx_word' id='word_1_400' title='bbox 2043 3621 2205 3688; x_wconf 87' lang='lat' dir='ltr'>ficut</span> <span class='ocrx_word' id='word_1_401' title='bbox 2263 3642 2362 3686; x_wconf 90' lang='lat' dir='ltr'>cor</span> <span class='ocrx_word' id='word_1_402' title='bbox 2414 3624 2875 3689; x_wconf 76' lang='lat' dir='ltr'>vehementius</span> 
     </span>
    </p>
   </div>
   <div class='ocr_carea' id='block_1_6' title="bbox 263 3703 2872 3871">
    <p class='ocr_par' dir='ltr' id='par_1_13' title="bbox 263 3703 2872 3871">
     <span class='ocr_line' id='line_1_43' title="bbox 263 3703 2872 3792; baseline -0.001 -20"><span class='ocrx_word' id='word_1_403' title='bbox 263 3706 554 3791; x_wconf 83' lang='lat' dir='ltr'>agitatur</span> <span class='ocrx_word' id='word_1_404' title='bbox 585 3706 647 3771; x_wconf 71' lang='grc' dir='ltr'>ἃ.</span> <span class='ocrx_word' id='word_1_405' title='bbox 678 3706 1090 3789; x_wconf 87' lang='lat' dir='ltr'>concutitur,</span> <span class='ocrx_word' id='word_1_406' title='bbox 1133 3706 1221 3772; x_wconf 86' lang='lat' dir='ltr'>fic</span> <span class='ocrx_word' id='word_1_407' title='bbox 1253 3722 1516 3791; x_wconf 86' lang='lat' dir='ltr'>quoque</span> <span class='ocrx_word' id='word_1_408' title='bbox 1559 3723 1789 3771; x_wconf 88' lang='lat' dir='ltr'>omnes</span> <span class='ocrx_word' id='word_1_409' title='bbox 1819 3704 2048 3791; x_wconf 88' lang='lat' dir='ltr'>reliqui</span> <span class='ocrx_word' id='word_1_410' title='bbox 2098 3703 2346 3788; x_wconf 83' lang='lat' dir='ltr'>musculi</span> <span class='ocrx_word' id='word_1_411' title='bbox 2373 3705 2662 3770; x_wconf 86' lang='lat' dir='ltr'>concuffi</span> <span class='ocrx_word' id='word_1_412' title='bbox 2684 3719 2872 3792; x_wconf 81' lang='lat' dir='ltr'>para·</span> 
     </span>
     <span class='ocr_line' id='line_1_44' title="bbox 269 3785 1778 3871; baseline -0.001 -18"><span class='ocrx_word' id='word_1_413' title='bbox 269 3785 445 3871; x_wconf 66' lang='lat' dir='ltr'>lyfim</span> <span class='ocrx_word' id='word_1_414' title='bbox 487 3788 808 3871; x_wconf 88' lang='lat' dir='ltr'>quandam</span> <span class='ocrx_word' id='word_1_415' title='bbox 837 3788 900 3854; x_wconf 75' lang='grc' dir='ltr'>ἀ</span> <span class='ocrx_word' id='word_1_416' title='bbox 945 3804 1249 3854; x_wconf 85' lang='lat' dir='ltr'>tremorem</span> <span class='ocrx_word' id='word_1_417' title='bbox 1292 3786 1778 3852; x_wconf 86' lang='lat' dir='ltr'>contraherent.</span> 
     </span>
    </p>
   </div>
   <div class='ocr_carea' id='block_1_7' title="bbox 264 3866 2888 4094">
    <p class='ocr_par' dir='ltr' id='par_1_14' title="bbox 264 3866 2888 4094">
     <span class='ocr_line' id='line_1_45' title="bbox 361 3866 2871 3952; baseline -0.001 -19"><span class='ocrx_word' id='word_1_418' title='bbox 361 3866 611 3934; x_wconf 88' lang='lat' dir='ltr'>Verum</span> <span class='ocrx_word' id='word_1_419' title='bbox 656 3888 805 3935; x_wconf 89' lang='lat' dir='ltr'>cum</span> <span class='ocrx_word' id='word_1_420' title='bbox 852 3870 983 3935; x_wconf 89' lang='lat' dir='ltr'>hoc</span> <span class='ocrx_word' id='word_1_421' title='bbox 1013 3888 1144 3935; x_wconf 90' lang='lat' dir='ltr'>non</span> <span class='ocrx_word' id='word_1_422' title='bbox 1189 3870 1565 3952; x_wconf 88' lang='lat' dir='ltr'>contingat,</span> <span class='ocrx_word' id='word_1_423' title='bbox 1613 3886 1743 3933; x_wconf 90' lang='lat' dir='ltr'>nec</span> <span class='ocrx_word' id='word_1_424' title='bbox 1786 3868 2025 3933; x_wconf 87' lang='lat' dir='ltr'>veritas</span> <span class='ocrx_word' id='word_1_425' title='bbox 2051 3868 2242 3952; x_wconf 49' lang='lat' dir='ltr'>‚illius</span> <span class='ocrx_word' id='word_1_426' title='bbox 2274 3868 2697 3951; x_wconf 68' lang='lat' dir='ltr'>symptomatis</span> <span class='ocrx_word' id='word_1_427' title='bbox 2757 3885 2871 3930; x_wconf 87' lang='lat' dir='ltr'>ne·</span> 
     </span>
     <span class='ocr_line' id='line_1_46' title="bbox 264 3943 2888 4094; baseline -0.003 -75"><span class='ocrx_word' id='word_1_428' title='bbox 264 3950 420 4039; x_wconf 81' lang='lat' dir='ltr'>gari</span> <span class='ocrx_word' id='word_1_429' title='bbox 459 3949 654 4033; x_wconf 85' lang='lat' dir='ltr'>poffit</span> <span class='ocrx_word' id='word_1_430' title='bbox 694 3950 867 4035; x_wconf 57' lang='lat' dir='ltr'>(m&#39;fi</span> <span class='ocrx_word' id='word_1_431' title='bbox 909 3951 1188 4019; x_wconf 87' lang='lat' dir='ltr'>velimus</span> <span class='ocrx_word' id='word_1_432' title='bbox 1235 3966 1577 4018; x_wconf 85' lang='lat' dir='ltr'>recurrere</span> <span class='ocrx_word' id='word_1_433' title='bbox 1632 3949 1717 4018; x_wconf 86' lang='lat' dir='ltr'>ad</span> <span class='ocrx_word' id='word_1_434' title='bbox 1763 3949 2087 4019; x_wconf 79' lang='lat' dir='ltr'>vocabula</span> <span class='ocrx_word' id='word_1_435' title='bbox 2133 3945 2558 4036; x_wconf 72' lang='lat' dir='ltr'>sympathiae,</span> <span class='ocrx_word' id='word_1_436' title='bbox 2600 3943 2888 4094; x_wconf 42' lang='lat' dir='ltr'>consesrg</span> 
     </span>
    </p>
   </div>
  </div>
 </body>
</html>
