3419 4538
583 55 1515 170 SPIRITUOSAE
1597 87 1856 158 PER
1933 49 2542 166 NERVQS.
2737 108 2922 181 της

799 309 1844 452 PR‘opos1-r1o
1960 352 2342 453 CLVI.

294 671 698 781 Nonfieri
736 660 1197 753 contrarias
1227 662 1605 755 afflones
1647 662 1767 748 ad
1791 658 2006 751 intra
2068 663 2184 770 &³
2232 662 2351 748 ad
2395 683 2645 756 extra
2699 661 2851 784 per

382 841 705 913 nervos
748 814 803 901 ὰ
857 808 1268 902 facultate
1325 813 1874 929 incorporea,
1931 838 2064 897 nec
2104 811 2161 902 ’ὰ
2209 811 2762 906 concussione

1138 952 1543 1050 fibrarum
1614 929 2043 1082 tensarum.
2304 947 2312 957 ’
2655 991 2662 992 f

333 1247 505 1317 Non
535 1248 935 1317 immorabor
964 1250 1033 1317 in
1075 1248 1460 1320 refellendis
1489 1246 1616 1316 iilis
1682 1250 1785 1315 inc
1891 1247 2044 1314 oreis
2057 1245 2511 1330 facultatibus,
2556 1267 2713 1335 quas
2744 1267 2885 1318 om-

251 1351 376 1399 nes
422 1331 601 1397 ferre
646 1334 950 1415 irrident;
996 1331 1266 1401 sufficiat
1326 1336 1636 1411 innuere,
1682 1351 1816 1416 quo
1919 1336 2021 1397 vis
2066 1333 2232 1395 incor
2273 1352 2407 1398 orea
2451 1351 2584 1399 non
2631 1332 2764 1397 indi
2813 1347 2886 1398 et

238 1417 436 1496 fviis,
478 1431 589 1479 aut
629 1417 938 1480 canalibus
975 1436 1343 1498 nervorum,
1381 1433 1501 1500 per
1592 1432 1711 1478 uos
1746 1411 2087 1479 transmitti
2136 1413 2218 1478 de
2270 1428 2406 1479 eat:
2452 1417 2513 1481 ὁ(
2554 1413 2708 1478 ideo
2785 1433 2896 1478 01·-

260 1496 423 1562 titer
464 1496 651 1580 ligato
678 1517 864 1562 nervo
898 1499 1204 1582 impediti
1239 1518 1374 1566 non
1420 1514 1510 1583 po
1604 1509 1631 1559 t
1660 1494 1952 1561 transitus
1964 1495 2266 1580 facultati
2308 1498 2660 1581 incorporee
2689 1492 2882 1580 senfi-

254 1580 410 1642 tivoe
435 1623 456 1656 ‚
504 1595 617 1643 aut
649 1578 767 1644 loco
800 1583 1053 1649 motivae.
2255 1637 2264 1642 ,

212 1707 217 1710 -
345 1658 483 1724 Alii
526 1675 801 1743 putant,
836 1660 1036 1727 astum
1059 1659 1423 1746 sensationis
1466 1661 1526 1729 &
1567 1661 1805 1743 imperii
1843 1659 2184 1726 voluntatis
2230 1658 2700 1727 communicari
2739 1678 2881 1727 non
2965 1679 2969 1684 ·

253 1756 384 1825 per
412 1753 635 1806 motum
657 1741 836 1826 succi
864 1747 1070 1808 πει-νει·
1101 1744 1269 1811 intra
1300 1744 1534 1810 tubulos
1607 1745 1853 1808 brarum
1883 1762 2245 1823 nervorum,
2289 1738 2401 1809 sed
2479 1763 2553 1809 er
2581 1738 2884 1823 ipsasmet

245 1813 452 1905 fibras
485 1822 547 1888 ὅ(
574 1827 938 1889 membranas
968 1824 1212 1907 tensas,
1259 1846 1344 1891 eo
1375 1844 1527 1910 pror
1562 1843 1631 1888 us
1674 1824 1914 1904 modo,
1962 1845 2092 1910 quo
2132 1823 2297 1890 fides
2351 1829 2440 1889 cit
2490 1844 2612 1890 arae
2661 1823 2880 1912 trafflzae

256 1903 325 1969 ὅ(
357 1897 552 1968 tensae
581 1902 626 1969 fi
657 1919 1000 1991 tangantur
1042 1908 1105 1972 in
1158 1927 1284 1973 una
1324 1906 1745 1972 extremitate
1778 1952 1800 1984 ‚
1858 1904 2073 1972 subito
2130 1907 2464 1972 concuffio
2507 1908 2568 1972 δε
2627 1922 2886 1972 tremor

254 1983 755 2067 diffunduntur,
799 1990 1447 2074 communicaturque
1478 1984 1560 2054 us
1595 2006 1676 2051 ue
1721 1988 1802 2053 ad
1848 1988 2211 2071 oppositam
2246 1988 2758 2054 extremitatem.

347 2065 644 2147 Verum,
690 2069 866 2152 quod
912 2070 1057 2136 talis
1103 2071 1475 2154 imaginatio
1521 2088 1557 2133 a
1607 2069 1812 2150 aptari
1856 2074 2068 2133 nervis
2118 2070 2409 2134 animalis
2465 2087 2598 2133 non
2643 2069 2882 2151 poffit,

260 2160 456 2231 patet
499 2165 582 2212 ex
613 2166 738 2228 e0,
782 2152 958 2233 quod
1002 2156 1180 2217 nervi
1219 2154 1284 2217 in
1318 2167 1605 2234 corpore
1649 2149 1939 2214 animalis
1994 2168 2128 2214 non
2177 2149 2422 2214 directe
2473 2149 2696 2228 tracti,
2748 2170 2872 2213 nec

264 2226 468 2311 tenfi,
513 2247 635 2295 nec
679 2228 820 2297 sunt
879 2233 1022 2299 duri
1064 2235 1125 2300 ὁ(
1169 2233 1392 2328 ridigi,
1439 2247 1512 2297 ut
1552 2229 1750 2313 virgae
1793 2227 2065 2312 ferreae,
2109 2229 2221 2297 sed
2265 2228 2408 2295 sunt
2459 2231 2731 2310 molleS,
2781 2232 2877 2296 in-

253 2309 458 2390 flexi,
504 2311 724 2379 laxi&
770 2314 1234 2381 circumvoluti
1265 2333 1437 2380 circa
1464 2332 1709 2393 carnes,
1755 2313 1929 2378 circa
1959 2333 2042 2376 va
2068 2335 2106 2377 a
2134 2314 2194 2380 δι
2256 2310 2492 2395 viscera
2540 2312 2764 2377 mollia
2807 2314 2875 2385 &

246 2391 590 2473 cedentia,
640 2413 765 2460 nec
796 2397 937 2461 sunt
984 2398 1228 2482 alligati
1261 2395 1549 2462 terminis
1581 2391 1780 2460 firmis
1811 2394 1893 2460 ad
1939 2396 2027 2459 ini
2061 2414 2129 2460 ar
2163 2394 2544 2475 clavorum,
2591 2388 2701 2459 sed
2744 2396 2872 2478 po-‘

252 2475 383 2540 tius
430 2477 721 2542 terminis
768 2478 1112 2560 mollibu8‚
1157 2497 1395 2574 nempe
1442 2480 1674 2544 cerebro
1732 2476 1802 2543 δι
1839 2478 2142 2542 carnibus.
2232 2473 2436 2560 Igitur
2479 2474 2575 2542 est
2629 2474 2866 2559 impos·

253 2553 477 2636 sibile,
521 2572 596 2622 ut
638 2556 952 2641 concuffio,
998 2559 1258 2640 εναὲἶίο,
1302 2560 1495 2638 zetus,
1543 2573 1655 2624 aut
1685 2569 1906 2622 tremor
1936 2556 2335 2623 diffundatur
2379 2557 2446 2623 δι
2498 2559 2863 2625 communi-

258 2653 495 2715 cetur,
559 2657 775 2723 neque
817 2640 898 2705 ad
939 2647 1239 2707 cerebrum
1281 2641 1361 2706 ab
1408 2638 1643 2727 objectis
1680 2636 2061 2732 senfibilz’bus
2132 2641 2460 2720 externis,
2519 2658 2739 2724 neque
2784 2640 2867 2707 ad

252 2720 544 2800 musculos
587 2719 671 2785 ab
702 2724 945 2804 imperio
974 2725 1351 2789 voluntatis:
1396 2721 1579 2786 ficuti
1630 2719 1927 2788 videmus
1976 2723 2039 2786 in
2082 2719 2385 2788 funiculo
2416 2720 2694 2817 goffypii
2725 2740 2868 2789 mo-

250 2799 367 2880 lli,
417 2800 572 2866 laxo
604 2801 666 2867 &
693 2804 1133 2887 complicat0‚
1180 2804 1363 2889 quod
1385 2798 1683 2888 percusso
1714 2820 1853 2868 uno
1877 2803 2014 2884 ejus
2055 2817 2393 2883 extrem0,
2439 2803 2587 2869 ιᾶυι
2620 2804 2861 2870 ceden-

255 2882 346 2946 do
389 2885 568 2946 motio
612 2901 747 2950 non
775 2891 1294 2954 communicatur
1327 2884 1593 2969 reliquis
1625 2884 1760 2965 eJus
1788 2884 2121 2968 partibus,
2163 2884 2447 2950 Eatenus
2489 2885 2663 2951 enim
2692 2886 2861 2952 mol-

222 2963 340 3028 ⁴lia
368 2963 433 3029 δι
475 2963 618 3030 laxa
661 2985 944 3050 corpora
993 2968 1030 3034 'a
1073 2969 1252 3035 duris
1293 2968 1357 3034 &
1400 2964 1591 3032 tenfis
1624 2964 1943 3031 differunt
1969 3014 1991 3046 ,
2056 2981 2373 3051 quatenus
2431 2967 2691 3033 iliorum
2731 2986 2867 3034 uua

220 3062 402 3137 ‚pars
444 3047 699 3112 moveri
776 3049 991 3114 uidem
1021 3048 1280 3134 potest.
1315 3043 1795 3134 quiescentibus
1840 3048 2104 3129 reliquis
2137 3046 2621 3116 collateralibus
2636 3097 2659 3130 ‚
2707 3068 2867 3127 cum

255 3144 324 3189 m
354 3125 529 3191 duris
557 3127 620 3192 &
648 3143 754 3194 ten
783 3149 837 3193 is
880 3131 1266 3215 impoffibile
1311 3124 1572 3215 prorsus
1602 3126 1715 3209 fit,
1759 3144 1834 3192 ut
1879 3148 2007 3194 una
2037 3149 2182 3213 pars
2222 3148 2451 3196 eorum
2487 3150 2867 3213 moveatur,

262 3205 417 3351 gig-in
465 3208 718 3294 integra
758 3212 1005 3294 moles,
1048 3213 1299 3279 scilicet
1329 3229 1557 3295 omnes
1587 3225 1803 3304 partes
1836 3209 2018 3277 simul
2046 3212 2287 3281 eodem
2321 3229 2708 3294 momente,
2751 3232 2862 3281 ea-

352 3304 543 3373 mque
586 3292 950 3362 velocitate
986 3295 1311 3382 agitentur
1342 3306 1956 3375 concutianturque.
2813 3300 2816 3303 ·

443 3930 744 4043 Parsa
920 4044 928 4057 ‚
1013 4053 1018 4056 ,
1247 4051 1249 4054 Α
1633 3930 1928 4065 (ἅθ’
2595 3939 2871 4053 PRO·
