3419 4538
493 256 496 257 f
556 259 647 319 92
1106 238 1291 306 cn.
1351 231 1479 304 v1.
1539 230 1680 302 DE
1739 215 2112 303 cAusls
2173 204 2603 304 MoTtJM

570 387 730 475 plici
759 398 950 454 motu
974 386 1380 465 accelerat0,
1427 401 1502 451 ut
1531 384 1594 450 in
1629 384 1757 464 ira,
1806 397 1960 446 tunc
1992 379 2254 466 effluxus
2282 384 2588 468 guttatim
2617 400 2877 477 quoque
2905 383 3028 453 fiet
3043 433 3069 469 ,
3090 402 3173 456 at

519 470 844 537 morulae
876 470 1045 533 inter
1079 481 1405 551 guttarum
1437 466 1788 548 ejectiones
1806 480 2005 527 erunt
2050 465 2386 527 breviores
2400 510 2426 544 ‚
2472 465 2534 529 ἀ
2584 466 2871 533 crebrlus
2919 471 3184 552 repeti-

572 564 656 614 tae
674 597 696 630 ‚
741 568 891 614 cum
923 549 1112 613 citius
1142 548 1540 630 repletiones
1570 549 1631 611 δε
1660 544 2000 627 turgentiae
2029 546 2449 624 ner-valorum,
2489 545 2553 610 ὃ(
2583 562 2812 613 eorum
2840 562 3180 615 exonera·

576 631 798 695 tiones
824 626 1019 708 fiant,
1064 642 1137 692 ut
1166 627 1280 692 suo
1312 629 1465 692 loco
1497 627 1808 691 dicemus,
2544 638 2547 639 ’

657 709 725 775 N
733 728 814 774 ec
843 708 1178 793 negotium
1210 706 1506 787 faceffit,
1544 706 1759 790 quod,
1805 705 2114 769 truncatis
2144 708 2387 784 nervis,
2435 706 2497 770 ὅ(
2527 701 2749 789 avulso
2781 710 2987 788 corde,
3008 726 3171 793 per·

577 788 840 857 severet
869 795 1003 870 ejus
1026 788 1290 872 pulsatio
1315 807 1433 872 per
1462 787 1726 869 aliquod
1756 802 2044 867 tempuS‚
2088 788 2236 869 quia
2266 805 2605 851 remanere
2620 787 2890 932 ἕρημος
2920 793 3178 855 cavita-

579 883 670 936 tes
697 871 1079 936 nervulorum
1106 871 1267 934 cordi
1296 886 1697 933 annexorum
1732 866 2001 949 turgida:
2014 866 2196 949 succo
2212 865 2579 950 spirituoso3
2715 867 2865 932 ideo
2896 886 3026 952 per
3056 871 3183 938 ali·

579 951 757 1035 quod
786 951 989 1015 breve
1022 963 1278 1033 tempus
1310 946 1596 1013 instillari
1623 943 1878 1031 potest,
1923 947 1985 1010 dt
2017 942 2245 1029 postea
2274 965 2408 1025 cor,
2452 946 2823 1030 &punctura
2837 966 3038 1030 acue,
3062 967 3176 1017 aut

584 1033 622 1097 a
649 1029 854 1107 succo¹
877 1029 1285 1096 mordicante
1313 1029 1669 1107 irritatum,
1705 1024 2077 1109 perilialtica
2125 1023 2530 1108 conflribtione
2573 1030 2820 1110 poterit
2872 1047 2960 1092 ex
3010 1030 3174 1113 ejus-

566 1109 930 1271 Je’tg'gbris
958 1110 1590 1254 neretum-exprimere
1623 1108 2214 1192 guttulas-aliquas»,
2260 1102 2371 1171 seu
2398 1107 3183 1194 reliquiassuceispirituo-
3244 1123 3251 1129 “

602 1212 626 1256 z
656 1211 677 1256 1
727 1212 744 1257 1
795 1209 901 1256 em
930 1208 1032 1254 exi
1096 1204 1277 1256 entis.

662 1270 796 1336 Sed
838 1273 1072 1336 mirum
1110 1269 1302 1334 alicui
1347 1267 1707 1347 videbitur,
1754 1266 1937 1349 quod·
1976 1268 2040 1333 in
2090 1267 2389 1334 omnibus
2437 1265 2720 1350 musculis
2745 1281 3000 1337 artuum
3028 1291 3167 1339 non

582 1353 922 1437 contingat
942 1349 1200 1434 pulsatio
1230 1350 1647 1414 continenter
1680 1349 1997 1430 repetita,
2042 1347 2205 1414 ficut
2250 1347 2322 1413 fit
2353 1351 2420 1414 in
2446 1352 2614 1414 corde
2634 1396 2655 1429 ‚
2705 1369 2855 1417 cum
2874 1351 3173 1418 similiter

583 1429 814 1515 orificio
844 1451 1208 1512 nervorum,
1258 1430 1338 1497 ad
1369 1443 1615 1494 artuum
1642 1449 1742 1493 mu
1770 1428 1927 1493 'culos
1955 1431 2504 1513 pertingentium,
2546 1425 2801 1513 semper
2817 1447 3167 1517 tangantur

580 1514 646 1579 ἂ
671 1511 1020 1579 madefiant
1050 1512 1279 1657 astaco
1327 1509 1613 1603 pirituoso
1632 1556 1661 1590 ,
1750 1526 1862 1573 cut
1896 1510 2135 1574 accidit
2163 1515 2371 1574 nervis
2398 1511 2613 1574 cordis.

665 1592 845 1658 Huic
875 1592 1094 1658 difficu
1123 1593 1238 1657 tati
1317 1593 1409 1655 eri
1439 1588 1586 1656 satis
1610 1589 1864 1673 potest,
1910 1590 2335 1655 memorando
2367 1589 2469 1669 id,
2512 1590 2690 1673 quod
2719 1592 2871 1658 alibi
2892 1593 3176 1661 infinua·

587 1674 838 1754 vitum,
885 1670 1167 1752 scilicet,
1257 1672 1388 1737 uod
1417 1673 1484 1736 in
1509 1674 1738 1735 cerebro
1768 1690 2085 1734 nervorum
2174 1671 2255 1734 ad
2295 1682 2472 1733 artus
2514 1674 3031 1764 pertingentium
3055 1723 3075 1756 ,
3117 1697 3178 1741 0—

584 1754 786 1836 rificia
815 1755 877 1819 ἀ
905 1755 1138 1818 canales
1164 1770 1228 1817 ta
1254 1754 1379 1816 iter
1424 1749 1747 1816 efformati
1794 1749 1919 1816 ess'e
1966 1717 2264 1834 possunt,
2309 1763 2432 1829 ut,
2466 1748 2583 1815 mii
2624 1767 2783 1817 motu
2825 1754 3175 1836 con-vulfino

593 1835 1051 1900 concutiantur
1080 1833 1118 1898 a
1141 1836 1390 1897 motione
1438 1834 1743 1915 pirituum
1772 1878 1795 1911 ‚
1842 1849 1965 1914 qua
1995 1831 2165 1895 attus
2194 1834 2431 1913 imperii
2457 1836 2759 1913 appetitus
2777 1853 3169 1917 exercetur,

592 1916 868 2001 exprimi
882 1917 1107 1997 succus
1121 1911 1358 1998 spiritu
1419 1914 1490 1976 'us
1514 1912 1602 1977 ‘ab
1632 1913 1727 1977 eis
1757 1913 1927 1977 intra
1954 1933 2054 1975 mu
2080 1913 2239 1976 culos
2273 1930 2406 1976 non
2486 1911 2649 1979 offic.
2735 1915 2935 1982 Secus
2952 1934 3175 1984 autem

533 1996 542 2009 ’
592 1998 658 2063 in
688 1999 897 2062 nervis
924 1997 1118 2060 cordis
1146 1994 1383 2059 nedum
1415 1991 1644 2074 crificia
1671 1993 1893 2076 patula
1924 1991 2052 2057 esse
2082 1992 2375 2077 poffunt,
2420 1930 2531 2058 {gd
2564 1996 2757 2060 etiam
2773 1996 3175 2093 dustusspon-

583 2075 734 2165 giost
762 2077 929 2142 adeo
964 2076 1214 2160 pervii,
1261 2090 1334 2139 ut
1363 2071 1605 2158 absque
1629 2076 2008 2139 vellicatione
2026 2121 2049 2155 ,
2095 2076 2156 2139 ὅ(
2189 2070 2425 2156 absque
2452 2085 2613 2139 motu
2637 2076 2985 2156 convulfivo
3009 2077 3160 2163 ipsa-

584 2175 723 2225 met
751 2158 1095 2242 plenitudo
1125 2157 1586 2221 canaliculorum
1598 2154 2043 2248 spongiqsorum
2071 2153 2459 2220 effufionem
2482 2158 2883 2238 guttularum
2929 2160 3167 2242 produ·

589 2255 717 2306 cat.
803 2238 888 2304 Et
920 2237 1068 2303 hinc
1086 2234 1228 2303 fieri
1256 2234 1509 2322 potest,
1554 2250 1630 2305 ut
1662 2251 1972 2302 continua
2000 2234 2392 2303 madefactio
2411 2234 2771 2318 orista-iorum
2786 2259 3134 2306 nerveorum

589 2323 672 2388 ad
701 2319 986 2405 musculos
1014 2331 1258 2390 artuum
1285 2318 1828 2401 pertingentium,
1872 2336 2011 2383 non
2030 2319 2352 2401 producat
2370 2317 2767 2401 pulsationem
2784 2319 3059 2388 fimilem
3071 2324 3179 2401 ei,⁴

598 2422 794 2490 quam
828 2403 892 2466 in
926 2404 1095 2466 corde
1124 2398 1559 2464 observamus,

637 2548 653 2558 ,
680 2484 769 2550 Et
794 2483 978 2561 haec,
1025 2482 1089 2547 ni
1122 2480 1358 2561 fallor,
1400 2478 1547 2546 {atis
1577 2478 1850 2545 suadent
1876 2491 2095 2554 motum
2124 2483 2319 2546 cordis
2351 2479 2492 2547 fieri
2535 2480 2718 2563 poffe
2756 2484 3034 2548 naturali
3074 2485 3175 2547 in-

583 2563 858 2653 fimeta,
902 2559 1012 2627 seu
1042 2558 1364 2644 necefficate
1389 2565 1713 2646 organica,
1758 2579 1891 2625 non
1919 2557 2138 2641 secus,
2185 2581 2272 2627 ac
2293 2578 2557 2626 automa
2588 2580 2916 2630 movetur.

683 2644 1127 2711 Nihilominus
1156 2661 1291 2705 non
1320 2643 1444 2706 erit
1477 2639 2029 2726 supervacaneum
2056 2644 2318 2723 videre,
2366 2662 2445 2708 an
2476 2639 2677 2710 adfint
2720 2646 3015 2711 rationes
3063 2645 3177 2712 du·
3242 2711 3247 2716 .

597 2726 883 2802 bitandi,
929 2738 1145 2787 utrum
1175 2724 1366 2784 cordis
1398 2734 1591 2785 motus
1621 2722 1760 2788 fieri
1793 2722 1984 2806 poffit
2014 2743 2148 2789 non
2180 2724 2218 2789 a
2252 2742 2428 2789 mera
2444 2725 2714 2788 naturali
2728 2729 3068 2792 mechanica
3083 2746 3179 2791 ne·

600 2803 891 2892 eqffitate,
936 2797 1049 2870 sed
1075 2802 1156 2868 ab
1187 2800 1418 2873 eadem
1437 2807 1647 2869 anime
1662 2805 2015 2890 facultate,
2060 2804 2096 2869 a
2125 2823 2248 2898 qua
2264 2804 2891 2893 omnesaliimusculi
2905 2825 3179 2876 moven-

1102 3081 2148 3175 PRoPos1T1o
2254 3080 2685 3174 LXXX.

599 3304 950 3418 Poffihile
981 3309 1087 3420 est
1102 3375 1130 3418 ‚
1188 3308 1468 3424 cordis
1502 3329 1838 3396 motum
1853 3314 2050 3421 fieri
2083 3314 2185 3397 ab
2198 3313 2452 3399 eadem
2469 3307 2866 3398 facultate
2883 3307 3177 3397 aninm-⁸

717 3425 775 3513 li
828 3420 1396 3535 cognoscitiva
1418 3484 1447 3525 ‚
1484 3425 1631 3531 sed
1676 3425 1834 3535 fine
1859 3425 2369 3512 advertentia
2391 3485 2421 3530 ,
2478 3429 2571 3512 ob
2594 3424 3175 3541 consuetudinem

721 3540 995 3629 habitu
1025 3540 1498 3654 acquisitam.
2476 3561 2489 3572 ·

686 3755 775 3823 Et
819 3757 1071 3838 primo,
1117 3759 1300 3844 quod
1336 3759 1540 3825 cordis·
1567 3755 1829 3841 pulsatio
1867 3757 1983 3825 fiat
2015 3756 2103 3823 ab
2128 3758 2355 3824 eadem
2370 3759 2683 3841 facultate
2709 3760 2996 3839 animali,
3033 3768 3155 3839 quae

608 3839 704 3905 ob
734 3836 982 3903 sensum
1012 3839 1256 3907 doloris
1290 3841 1356 3906 dc.
1385 3839 1746 3923 voluptatis
1776 3840 1991 3905 aetum
2024 3841 2446 3922 appetitionis
2478 3841 2656 3905 elicit
2676 3886 2698 3919 ,
2742 3842 2806 3906 δι
2834 3834 3162 3922 idcospin'·

612 3932 714 3984 tus
746 3918 828 4006 ad-
854 3935 1068 3985 certas
1096 3923 1321 3986 cerebri
1360 3935 1575 4014 partes
1628 3915 2047 3999 transmittit,
2091 3936 2163 3984 ut
2197 3922 2408 3986 radius
2445 3920 3019 3990 determinatorum
3049 3931 3169 4005 ngr·

610 4020 823 4065 vorum
851 4002 1190 4070 concutiat
1207 4048 1228 4082 ‚
1319 4019 1383 4065 ul
1412 4000 1491 4064 ad
1523 4000 1694 4065 hunc
1728 4001 1947 4082 potius
1973 4047 2005 4082 ‚
2045 4018 2241 4087 quam
2269 4001 2354 4074 ad
2383 4001 2585 4071 alium
2605 4001 2933 4089 maurulum
2957 4010 3177 4087 pernu-

605 4096 812 4174 gunt²
853 4081 1097 4167 conjici
1126 4019 1343 4168 pote‘h
1369 4076 1964 4155 hisce-rationibus-
2592 4113 2599 4120 ·
3036 4074 3205 4168 Qua
