3419 4538
585 176 719 322 204'
836 221 839 224 ’
946 227 1115 301 cu.
1162 222 1316 295 xn.
1358 223 1487 296 nn
1531 222 1831 295 succo
1873 209 2412 293 smm‘ruoso
2455 191 2940 313 sEMmAm,‘

585 385 840 474 primo,
880 379 1061 466 quod
1154 395 1226 444 er
1253 375 1402 462 vasa
1439 376 1790 465 sanguinea
1813 373 2086 472 spiritus
2114 374 2434 458 seminalis
2475 392 2613 442 non
2670 377 3243 444 communicetur

595 468 679 535 ad
710 465 1050 542 cerebrum,
1184 459 1264 525 ad
1283 476 1517 526 omnes
1540 471 1755 544 partes
1799 452 2087 604 {jusdem
2117 457 2408 524 animalis
2425 504 2456 551 ².
2490 455 2738 526 suaderi
2813 457 2993 526 otest
3018 505 3047 540 ,
3067 457 3238 542 quiz

596 554 727 637 per'
750 542 1289 628 arteriassanguis
1314 544 1526 624 rapido
1566 551 1731 605 nwtu
1763 558 1802 604 a
1852 552 2033 603 venit
2056 584 2078 618 ,
2123 538 2185 607 ἀ
2215 539 2568 624 deponitur
2596 539 2663 605 in
2706 478 2997 627 tessibuss
3184 558 3239 606 ο

602 626 702 695 est
749 623 1177 710 impoffibile‚
1210 636 1284 688 ut
1313 637 1548 687 contra
1573 619 1819 706 fluxum
1854 622 2161 686 torrentis
2174 624 2508 706 sanguinis
2562 639 2741 686 accus
2736 623 3078 708 seminalis
3161 640 3264 686 e·-

602 710 864 777 feratur
895 701 1114 771 versus
1144 723 1285 783 cor,
1332 698 1627 788 repulsus
1672 701 1712 767 a
1739 704 2046 788 sanguine
2075 700 2155 768 ab
2198 719 2285 766 eo
2338 719 2491 767 rece
2579 717 2711 768 nte.
2799 701 2913 769 Ne
2961 721 3069 769 ue
3104 720 3240 786 per

596 810 824 869 venas,
868 787 1015 872 quia
1056 787 1270 869 primo
1303 783 1461 850 loco
1508 781 1713 848 debet
1755 779 2003 848 secerni
2025 794 2181 867 pars
2220 802 2326 847 cra
2371 802 2449 863 a,
2480 787 2721 868 impura
2746 785 2810 851 &
2998 787 3238 852 'cunda

583 872 921 966 sanguinis
952 867 988 933 ὲ
1015 866 1294 931 nobiliore
1340 866 1478 948 ejus
1549 875 1725 945 arte,
1768 865 1832 930 δι
1870 860 2102 948 postea
2143 859 2235 930 sel
2386 883 2416 930 s
2430 862 2549 948 flos
2561 865 2893 952 sanguinis
2939 865 3231 949 prolixa

598 953 867 1099 asthone·
903 944 1375 1095 i‘rlrehongissimis
1403 949 1483 1013 du
1545 949 1679 1011 ibus
1706 943 1993 1031 propriis
2025 942 2261 1031 testium
2307 945 2670 1028 elaborari,
2709 945 3119 1014 fermentari
3162 947 3232 1015 dt

598 1047 684 1102 ex
751 1048 871 1099 tan
1047 1041 1137 1094 et.

620 1128 629 1137 ·
681 1113 846 1182 Hoc
903 1125 1135 1197 patet,
1178 1107 1327 1192 quia
1381 1103 1596 1172 subito
1652 1105 1802 1192 post
1848 1104 2200 1192 ingrestum
2232 1106 2562 1196 sanguinis
2606 1107 2880 1192 arteriofi
2917 1112 2985 1176 in
3040 1121 3082 1175 t
3163 1129 3233 1176 ee

591 1191 1223 1341 sucwsfsanguineus
1273 1187 1613 1254 dealbatur
1639 1233 1665 1270 ,
1713 1207 1849 1256 non
1874 1190 2048 1335 ¹{luia
2094 1185 2439 1257 destruitur
2481 1191 2694 1256 rubedo
2752 1192 2818 1257 in
2863 1206 3028 1257 toto
3115 1185 3236 1258 art-²

590 1282 783 1367 guine
810 1276 831 1341 i
860 1275 967 1342 luc
1000 1268 1314 1358 ingress'o:
1361 1288 1508 1335 nam
1592 1268 1639 1337 fi
1668 1269 1801 1335 hoc
1832 1287 1868 1335 e
1923 1284 2036 1348 et,
2074 1269 2306 1335 venula
2335 1268 2723 1355 exsugerent
2750 1274 3227 1359 reliquias-Jon-

590 1363 853 1447 guineas
884 1356 1209 1432 candidas,
1254 1349 1432 1435 quod
1462 1316 1557 1416 est
1587 1349 1818 1418 falsum
1840 1348 2051 1434 ‚cons
2084 1352 2365 1418 iciuntur
2396 1352 2571 1418 enim
2600 1357 2817 1421 rubra.
2899 1353 2959 1420 E
3043 1374 3095 1421 ο
3125 1354 3227 1420 (ἰὶ-

602 1440 889 1508 cendum
923 1433 1055 1515 est,
1099 1431 1554 1528 quodsanguis
1587 1433 1653 1499 in
1683 1429 1826 1580 igso
1859 1434 2040 1516 ingre
2097 1450 2138 1496 u
2168 1433 2541 1515 dealbatur,
2630 1435 2735 1501 uia
2767 1453 2856 1501 ex
2880 1453 2966 1501 eo
3029 1453 3228 1503 ecer-

600 1523 778 1590 nitur
818 1532 962 1604 pars
997 1519 1235 1598 impura
1282 1516 1652 1595 rubicunda,
1805 1515 1943 1579 haec
1975 1509 2309 1599 exsugitur
2354 1514 2396 1580 a
2430 1534 2550 1580 ven
2618 1520 2673 1580 is
2712 1537 2785 1581 ca
2834 1516 3144 1586 liar-ibus.

682 1601 974 1667 Videtur
989 1597 1185 1681 igitur
1216 1594 1624 1680 impoffibile,
1643 1595 1820 1680 quod
1835 1591 2210 1680 nobilrffimus
2220 1593 2447 1680 succus
2449 1597 2767 1680 seminalis
2835 1601 3092 1665 venulis
3106 1617 3225 1666 ex·

597 1680 975 1769 sugatur‚&
1004 1673 1477 1761 transportetur
1511 1678 1590 1742 ad
1623 1697 1757 1742 cor:
1785 1677 1998 1762 primo
2018 1724 2039 1756 ‚
2078 1677 2227 1768 quia
2254 1676 2382 1742 illae
2411 1678 2640 1743 venula
2669 1680 2822 1744 cxci
2874 1680 3013 1745 innt
3027 1683 3226 1763 faces

586 1766 919 1853 sanguinis
945 1765 1211 1852 impuras
1231 1779 1252 1837 ;
1270 1755 1581 1838 secundo,
1601 1758 1752 1903 <luia
1783 1756 2462 1842 exsuguntJanguinem
2481 1755 2694 1823 subito
2708 1697 2869 1844 pose
2888 1763 3224 1849 ingrgffum

603 1848 673 1913 in
711 1842 920 1927 testes,
966 1843 1028 1907 dt
1058 1841 1211 1905 ideo
1241 1855 1324 1903 ex
1354 1838 1510 1903 loco
1540 1857 1620 1902 va
1648 1837 1731 1902 de
1771 1854 2034 1905 remoto
2079 1838 2161 1902 ab
2190 1857 2275 1904 eo
2360 1839 2428 1905 in
2459 1858 2593 1925 quo
2601 1839 2860 1925 seminis
2895 1844 3224 1910 elaboratio

604 1925 942 2011 completa
969 1922 1097 1987 est:
1139 1938 1276 1986 non
1320 1919 1490 2012 enim
1521 1919 1558 1984 ‘a
1585 1916 1717 1999 vast
1739 1885 2313 2013 .spermaticis‚sed
2345 1919 2425 1985 ab
2459 1918 2598 2007 ipso
2631 1939 2919 2008 corpore
2949 1922 3214 2009 testiculi

602 2008 912 2092 reliquias
934 2002 1270 2097 sanguinis
1299 1998 1613 2082 ebibunt3
1660 2015 1864 2067 tertio
1888 2001 2094 2085 semen
2134 2018 2705 2085 corrumperetur,
2764 2005 2830 2071 dc
2861 2024 2946 2070 va
2991 2006 3221 2091 pidum

599 2087 792 2159 fieret
823 2087 902 2154 ab
930 2081 1929 2169 admistionefoecumfiznguinis,
1990 2100 2090 2146 uae
2124 2078 2428 2167 separatae
2447 2085 2624 2181 prius
2655 2085 2885 2152 abillo
2953 2105 3218 2155 nerana·

624 2176 635 2215 ³
687 2170 937 2239 Eadem
969 2168 1223 2232 ratione
1254 2164 1292 2231 a
1323 2165 1439 2248 lym
1482 2164 1704 2230 baricis
1732 2162 1894 2246 vafis
1924 2100 2149 2248 Jquccus
2175 2162 2491 2248 seminalis
2535 2163 2958 2250 transportari
3003 2169 3085 2235 'ad
3109 2190 3208 2237 tor

608 2255 672 2325 δι
713 2253 795 2319 ad
825 2253 1125 2317 cerebrum
1160 2266 1292 2314 non
1372 2263 1413 2310 o
1467 2263 1504 2311 e
1548 2246 1842 2329 videtur,
1888 2245 2035 2331 quia
2061 2243 2206 2311 funt
2235 2243 2382 2330 vasa
2409 2251 2744 2314 excretoria
2772 2248 2961 2333 succi
2990 2250 3211 2337 serofi,

608 2337 718 2422 qui
754 2330 1088 2401 inficiebat
1132 2331 1314 2395 nobili
1377 2349 1530 2393 mam
1552 2328 1810 2415 seminis
1885 2324 2286 2413 ubstantiam3
2325 2327 2388 2393 dt
2433 2328 2588 2394 ideo
2635 2348 3095 2417 corrumperet
3144 2334 3209 2402 dt

604 2437 737 2513 vap
789 2416 965 2483 idum
1009 2408 1217 2498 ipsum
1262 2410 1574 2477 redderet
1601 2410 1776 2476 inani
1865 2408 2102 2491 abore,
2146 2427 2388 2494 nempe
2430 2408 2669 2478 iterum
2719 2415 3212 2502 corrumpendo

609 2518 723 2586 opi
774 2499 1007 2576 cium,
1034 2493 1212 2579 quod
1241 2491 1418 2577 prius
1456 2487 1589 2575 ipsa
1613 2490 1873 2556 Natura
1910 2488 2248 2557 effecerat.

687 2577 913 2647 Restat
940 2595 1139 2662 erge,
1182 2590 1253 2639 ut
1284 2571 1622 2640 deferatur
1653 2592 1775 2658 per
1809 2591 2029 2637 nervos
2058 2571 2215 2639 illos
2261 2573 2448 2639 exiles
2486 2572 2664 2660 sexti
2699 2577 2882 2660 paris
2923 2582 3108 2668 vagi}
3140 2580 3213 2647 st.

488 2706 499 2711 -
606 2681 731 2749 per
762 2659 1177 2740 vertebram,
1222 2655 1284 2721 ὅ(
1329 2673 1449 2739 per
1493 2674 1646 2737 eos,
1694 2655 1803 2739 qui
1845 2654 1931 2721 ad
1975 2650 2608 2802 veficulagdsemimles
2657 2659 2740 2733 ad
2786 2663 3098 2729 methrani
3147 2662 3208 2730 ἃ

593 2757 811 2831 penem
854 2737 1418 2806 communicantur
1508 2736 1693 2802 ficuti
1742 2735 2081 2817 videmus,
2127 2754 2212 2822 qu
2327 2737 2502 2821 succi
2548 2740 2802 2826 maligni
2859 2742 2989 2808 luis
3044 2764 3207 2810 vene-

609 2847 723 2892 reae
749 2823 831 2889 ab
861 2832 1031 2888 utero
1060 2816 1309 2885 infet‘sslo
1341 2784 1738 2912 exfuguntur
1777 2826 1895 2902 pe'r
1913 2831 2088 2912 poro-s
2112 2830 2416 2901 corporum
2443 2821 2822 2905 nerncfforu'm
2851 2827 3026 2913 penis·
3033 2825 3208 2910 spon·

603 2905 940 2994 gastrum,
987 2901 1053 2969 dt
1083 2915 1423 2965 momento
1455 2897 1759 2964 universo
1804 2916 2068 2983 corpori
2119 2901 2702 2969 communicantur.
2864 2922 2949 2971 ec
3007 2907 3212 2976 obstat

608 2989 1012 3067 cantrarietas
1046 2993 1309 3045 motuum
1338 2982 1406 3045 in
1437 2982 1688 3071 nervis„
1735 2997 1888 3043 cum
1920 2979 2060 3045 fieri
2103 2979 2342 3064 posfint
2361 3000 2506 3065 ,per
2538 2976 2796 3051 easdem
2822 2988 2970 3053 vius
3000 2982 3211 3058 dive'r-

607 3067 689 3134 fis
737 3061 1167 3149 temporibus.
1255 3059 1350 3125 Ut
1382 3060 1447 3126 in
1488 3060 1749 3144 prolixa
1777 3057 2064 3144 intestina
2095 3081 2242 3126 caeca
2272 3063 2489 3128 avium
2515 3065 2694 3150 succi
2746 3067 2808 3134 dt
2845 3083 3209 3136 recrementa

617 3152 865 3213 intrant
893 3145 1256 3223 &exeunt3
1300 3139 1387 3208 fic
1417 3160 1537 3227 per
1565 3161 1783 3206 nervos
1795 3142 2062 3229 spiritus
2072 3144 2389 3229 seminalis
2419 3146 2672 3231 ingredi
2747 3146 2918 3214 otest
3001 3150 3207 3218 &fer-

615 3230 677 3298 ri
722 3237 884 3291 motu
930 3227 1232 3289 contrario
1261 3225 1365 3305 ei,
1410 3223 1584 3308 quod
1644 3228 1777 3288 acci
1808 3225 2092 3290 animales
2122 3225 2192 3291 dr.
2227 3228 2481 3292 nutritii
2523 3229 2705 3295 'ecere
2777 3250 2805 3295 ο
2836 3198 3207 3305 diffundun-

617 3326 727 3378 tur
756 3326 877 3393 per
905 3302 1162 3372 easdem
1211 3309 1395 3387 vias,
1440 3302 1551 3371 sed
1635 3303 1855 3371 iverfis
1898 3305 2325 3392 temporibuS.

694 3388 861 3461 Non
899 3407 985 3455 ne
1033 3387 1159 3455 abo
1198 3402 1623 3471 tamem-per
1667 3408 1855 3454 venas
1888 3388 1968 3454 ad
2008 3389 2156 3476 vasa
2178 3389 2553 3484 spermatico
2594 3393 2658 3460 ὅ(
2699 3392 2779 3460 ad
2806 3392 3202 3495 vql'rculasse·

612 3474 865 3540 minales
892 3471 976 3536 de
1025 3485 1258 3537 nentes
1270 3470 1526 3555 succum
1540 3470 1891 3554 seminalem
1920 3468 2198 3536 diffundl
2250 3468 2429 3554 posse
2473 3490 2626 3539 cum
2685 3474 2867 3559 refluo
2950 3496 3205 3566 anguine

613 3556 695 3621 ad
725 3573 861 3634 cor,
906 3552 970 3618 δι
1010 3552 1320 3646 deinceps
1384 3552 1463 3617 ad
1520 3556 1855 3632 cerebrum,
1900 3552 1962 3619 ἂ
2006 3551 2158 3617 hinc
2208 3552 2288 3617 ad
2332 3573 2549 3620 nervos
2607 3556 2890 3625 roboran
2940 3579 3059 3627 os:
3102 3558 3202 3625 sed

606 3632 962 3711 verisimile
991 3632 1148 3697 mihi
1195 3634 1492 3713 videtur,
1536 3649 1610 3699 ut
1654 3635 1984 3718 praecipua
2028 3633 2200 3699 illius
2275 3652 2373 3700 ars
2404 3653 2525 3719 per
2545 3656 2770 3703 ‘nervos
2828 3640 3197 3709 immediate

606 3716 983 3807 traducatur
1011 3713 1103 3778 ob
1145 3713 1539 3780 brevitatem
1571 3715 1860 3796 itineris,
1907 3710 2168 3798 ejusque
2248 3716 2622 3785 acilitatem.
2715 3717 2920 3811 Quod
2975 3720 3198 3789 confis-

604 3814 819 3866 matur
860 3813 947 3859 ex
974 3796 1090 3860 deli
1130 3799 1227 3860 uio
1257 3796 1374 3862 ino
1408 3794 1788 3877 convulfivo,
1831 3815 1963 3881 quo
1977 3794 2242 3881 spinalis
2270 3798 2561 3880 nadalia,
2604 3807 2906 3868 cerebrum
2935 3804 3192 3888 &genus

612 3878 925 3963 nervcy'um
956 3877 1022 3942 in
1050 3898 1084 3941 α
1148 3897 1187 3941 u
1216 3897 1460 3947 venereo
1491 3876 1659 3943 affici
1690 3874 1942 3957 solent,
1966 3877 2142 3960 quod
2171 3897 2302 3944 non
2335 3896 2455 3961 per
2485 3899 2672 3947 venas
2689 3880 2841 3964 ,sed
2876 3884 3197 3952 immedia-

612 3975 681 4025 te
725 3979 843 4045 per
875 3979 1089 4023 nervos
1123 3959 1589 4025 communicari
1624 3955 2128 4025 consentaneum
2174 3956 2287 4025 est.
2347 3959 2415 4025 Si
2445 3961 2640 4043 igitur
2677 3965 2819 4032 talis
2847 3970 2959 4032 via
2985 3967 3022 4034 ὲ
3051 3962 3195 4045 nafis

581 4043 969 4129 Jpermaticis
996 4059 1118 4126 per
1161 4060 1375 4110 nervos
1403 4040 1486 4106 ad
1526 4040 2082 4147 cerebrumdatur,
2125 4041 2187 4109 dt
2218 4038 2604 4126 frequenter
2632 4063 2753 4129 per
2783 4067 2926 4116 eam
2935 4042 3200 4216 ⁸§piritus'

612 4154 613 4157 ¹
846 4163 853 4169 ·
2987 4144 3191 4198 emma·
