3419 4538
1052 125 2036 216 FEBRILISL
2475 173 2479 180 ·
2596 141 2892 230 &277-

247 319 417 374 cum
451 295 699 385 ingenti
725 296 1107 385 frigiditate.
1196 293 1498 381 Utroque
1528 296 1728 379 igitur
1766 297 1970 363 modo
2004 296 2177 364 effici
2216 296 2434 380 potest
2461 293 2638 381 paffio
2694 295 2856 380 rigo·
2917 369 2924 372 ,

241 392 351 453 ris
380 432 405 465 ‚
465 383 738 449 trernoris
784 376 1144 464 &frigoris
1177 422 1198 456 ,
1253 378 1587 462 praecipue
1635 379 1699 443 in
1751 381 2028 463 regione
2078 379 2346 461 spinalis
2398 378 2659 444 medulla
2720 394 2852 441 una

246 485 414 535 cum
446 474 675 546 torpore
698 460 1036 544 spirituum
1066 503 1088 537 ,
1135 458 1199 523 δι
1232 459 1442 540 pullus
1479 461 1797 541 parvitate
1826 507 1848 540 ,
1894 460 2189 543 eoquod
2232 463 2518 544 languido
2561 471 2723 524 motu
2754 477 2852 520 cor

241 546 565 635 pungitur
650 559 776 607 nec
806 541 951 606 talis
972 540 1174 625 gelida
1216 541 1479 605 ebullitio
1521 537 1737 604 subito
1780 537 2106 606 evanescit
2137 586 2157 620 ,
2201 540 2309 608 sed
2340 541 2589 625 poterit
2619 558 2739 623 per
2782 556 2854 601 u·

238 647 448 709 nam,
493 642 578 690 ve
646 624 920 689 alteram
954 620 1179 684 horam
1261 620 1529 699 roduci,
1578 620 1729 703 quia
1771 621 1811 687 ὲ
1852 623 2021 687 locis
2054 621 2272 688 diffitis
2309 642 2428 706 per
2473 622 2709 689 canales
2738 638 2852 686 va-

220 712 450 797 sorum
488 702 752 791 poss'unt
794 698 1017 767 senfim
1060 638 1348 767 instifiari
1377 703 1439 767 ἀ
1468 697 1722 768 misceri
1753 703 2038 798 praedicti
2061 704 2275 789 succi:
2320 705 2382 769 ὅ(
2453 706 2558 769 uia
2589 703 2853 769 interim

224 791 550 879 spiritus,
593 780 704 851 seu
731 784 913 869 succi
946 785 1193 862 nervei,
1234 784 1304 857 ‚in
1344 795 1508 847 motu
1562 782 1956 865 constanti,
2003 804 2074 848 ra
2117 787 2211 850 ido
2254 787 2418 868 impu
2425 785 2510 869 su
2540 785 2630 851 ob
2663 802 2876 870 aper·.

242 889 468 940 turam
512 863 841 951 ostiolorum
871 883 1222 929 nerveorum
1263 863 1510 930 ibidem
1538 862 1961 932 defluentium
1984 911 2004 944 ‚
2138 864 2245 932 sua
2285 867 2591 932 acredine
2636 886 2735 931 cor
2766 866 2856 930 ir·

236 957 448 1021 ritare
477 946 787 1034 poss'unt,
820 943 1178 1010 necessario
1210 944 1577 1029 pulsationes
1622 949 2047 1011 continenter
2088 948 2405 1046 augendo
2436 949 2523 1012 du
2573 947 2685 1013 lici
2730 966 2849 1013 no-

240 1035 433 1102 mine
459 1033 762 1096 ardentem
784 1028 1097 1108 fervorem
1128 1042 1399 1107 creant;
1434 1027 1648 1110 primo
1679 1075 1708 1108 5
1752 1028 1902 1111 quia
1925 1029 2090 1110 sales
2134 1029 2385 1113 nitrosos
2425 1029 2488 1094 di
2551 1026 2866 1110 trudunt,

237 1118 306 1183 dt
338 1112 580 1200 partim
612 1109 958 1193 expellunt
1000 1107 1169 1173 intra
1196 1128 1381 1173 venas
1401 1120 1431 1187 3·
1466 1102 1790 1189 secundo,
1834 1115 1980 1193 quia
2005 1111 2270 1195 sanguis
2294 1120 2469 1174 acuto
2500 1111 2683 1193 pulsu
2716 1129 2847 1175 cor-

236 1202 340 1265 dis
448 1186 937 1273 vehementiffima
979 1193 1350 1254 commotione
1378 1190 1441 1255 δι
1482 1188 1981 1255 circumductione
2022 1211 2147 1277 per
2193 1189 2562 1259 universum
2606 1209 2878 1274 corpus:

237 1244 523 1427 ffiffi'sm
554 1289 843 1421 il‘creare
873 1268 1092 1354 potest
1133 1272 1504 1337 caliditatem
1530 1272 1593 1338 &
1603 1272 1922 1355 fervorem
1948 1272 2297 1359 paroxysmi
2320 1273 2613 1356 febrilis,
2658 1288 2733 1340 ut
2762 1290 2853 1337 ex-

410 1379 439 1424 s
471 1374 554 1421 co
607 1371 821 1440 1g1tur.
2859 1397 2862 1400 ι

681 1511 1724 1603 PRoPos1T10
1855 1512 2433 1610 CCXXIX.

394 1734 520 1819 De
558 1723 821 1818 caufis
863 1723 1531 1864 symptomatum
1566 1789 1601 1830 ‚.
1646 1723 2036 1818 febrilem
2083 1728 2696 1847 paroxysmum

1205 1850 1887 1930 concomitantiam

341 1981 607 2050 Nedum
652 1983 835 2064 initia
867 1983 1359 2069 paroxysmorum
1390 2031 1412 2064 ‚
1486 1978 1597 2050 sed
1641 1984 2009 2070 progress'us
2098 2001 2317 2068 noque
2376 1984 2440 2051 δε
2483 1984 2860 2053 accidentia,

247 2068 508 2146 omnia,
539 2066 818 2149 febrilem
846 2077 1067 2131 motum
1096 2068 1613 2132 concomitantia
1628 2067 2009 2145 ,animadve
2092 2083 2221 2131 one
2253 2064 2449 2149 digna
2479 2064 2659 2146 sunt,
2706 2081 2849 2133 tum

250 2163 528 2231 propter
554 2144 618 2212 se
666 2143 832 2231 ipsa,
882 2161 1019 2212 tum
1067 2147 1319 2228 etiam,
1350 2163 1424 2212 ut
1456 2145 1711 2212 theoria
1757 2147 1800 2212 a
1836 2146 2028 2213 nobis
2064 2147 2302 2212 tradita
2345 2147 2637 2229 pluribus
2671 2146 2854 2213 testi·

252 2230 491 2294 moniis
522 2229 581 2296 ὅ(
613 2231 1006 2314 argumentis
1035 2226 1366 2295 fulciatur..

357 2310 443 2375 Et
482 2312 689 2395 primo
722 2306 1269 2394 supervacaneum
1314 2330 1459 2378 non
1491 2313 1617 2379 erit
1644 2361 1684 2395 ‚„
1714 2313 2004 2379 rationes
2050 2307 2287 2376 afferre
2327 2306 2641 2398 signorum
2669 2355 2691 2389 ,
2740 2306 2860 2376 seu

235 2388 564 2477 paffiorzum
606 2393 1120 2477 praecedentium
1157 2394 1687 2479 paroxysmorum‚
1735 2410 1811 2460 ut
1853 2390 1997 2459 sun‘t
2020 2395 2221 2476 fimtni
2264 2395 2561 2477 inquieti,
2597 2403 2850 2476 pertur-

249 2477 553 2555 bationes,
600 2477 936 2561 vertigines
969 2474 1091 2541 &c.
1184 2474 1356 2563 Quia
1388 2478 1692 2561 proxime
1738 2491 1890 2542 ante
1921 2474 2349 2559 paroxffmum
2392 2473 2554 2539 licet
2588 2475 2847 2559 glauciu·
2969 2480 2974 2485 ’

252 2555 320 2619 1ae
350 2574 479 2621 non
513 2572 864 2642 turgeant,
901 2573 1117 2643 tamen
1149 2556 1478 2623 abundant
1500 2557 1708 2643 succis
1733 2559 2166 2641 fermentatis,
2207 2556 2315 2639 qui
2353 2556 2565 2640 aliqua
2593 2574 2872 2640 ex,par-·

252 2649 320 2701 te
364 2639 662 2703 cerebrum
694 2684 718 2718 ,
762 2637 1195 2704 mediantibus
1232 2642 1483 2721 nervis,
1531 2637 1842 2707 infestare
1888 2637 2146 2723 poss'uut
2173 2685 2196 2719 ,
2254 2639 2317 2705 δι
2360 2636 2448 2703 fic
2473 2638 2675 2724 somni
2721 2655 2851 2705 tur-

249 2716 416 2784 bari.
511 2716 760 2785 Eadem
824 2720 1077 2786 ratione
1126 2723 1614 2804 perturbationes
1657 2720 2107 2805 contingunt,
2166 2722 2318 2806 quia
2360 2722 2631 2805 spiritus
2661 2768 2683 2802 ,
2741 2717 2856 2788 seu

229 2800 418 2885 succi
449 2797 679 2878 nervosi
721 2799 1014 2867 insectati
1063 2821 1147 2867 ne
1195 2821 1278 2867 ue
1322 2805 1602 2868 motiones
1634 2851 1656 2884 ‚
1704 2821 1789 2868 ne
1837 2821 1920 2866 ue
1942 2804 2315 2886 sensationes
2361 2801 2703 2867 consuetas
2739 2803 2854 2869 de·

250 2881 400 2946 bito
442 2880 672 2947 ordine
703 2881 764 2947 &
792 2884 1016 2967 quiete
1050 2902 1169 2968 per
1219 2902 1373 2950 cere
1407 2884 1687 2969 poss'unt.
1777 2884 1818 2951 f
1852 2885 1957 2950 inc
1986 2885 2229 2969 pariter
2257 2886 2593 2971 vertigines
2625 2887 2686 2953 ἀ
2719 2905 2859 2951 ocu-

248 2964 447 3027 lorum
479 2968 926 3059 corrugationes
956 2966 1278 3112 originem
1311 2966 1600 3049 ducunt,
1626 2986 1866 3052 nempe
1897 2986 1983 3033 ex
2014 2969 2239 3032 cerebri
2268 2969 2330 3034 &
2355 2970 2695 3052 spirituum
2712 2978 2854 3049 per-

249 3047 596 3111 turbatione
639 3046 964 3112 1nchoata.
1101 3047 1459 3129 scitationes
1488 3068 1651 3115 vero
1673 3096 1696 3131 ,
1746 3068 1887 3134 quae
1919 3045 2062 3115 sunt
2093 3046 2377 3134 lentffimoe
2415 3047 2811 3128 convulsiones
2831 3097 2860 3135 ,

252 3124 552 3206 constat,
599 3126 635 3192 ὲ
663 3130 1218 3194 mordicatiunculis
1248 3149 1571 3195 nervorum
1600 3130 1739 3196 fieri
1772 3129 1972 3214 poffe.
2062 3130 2252 3195 Patet
2281 3132 2299 3195 i
2351 3131 2513 3209 itur,
2562 3132 2740 3215 quod
2771 3136 2855 3199 ab

252 3208 495 3272 eadem
520 3208 711 3273 unica
741 3210 919 3294 causa
948 3257 970 3290 ‚
1018 3228 1256 3293 nempe
1303 3211 1339 3276 ὲ
1375 3213 1704 3294 prooemiali
1747 3208 1964 3289 lusione
2007 3210 2241 3291 nervosi
2262 3151 2438 3295 sigecci
2481 3213 2543 3278 &
2588 3218 2860 3298 cerebri,

252 3288 400 3354 haee
440 3289 806 3379 accidentia
849 3291 1122 3376 produci
1171 3291 1433 3375 poss'unt
1462 3340 1486 3374 ,
1532 3313 1687 3379 quae
1732 3289 1959 3378 postea
2014 3290 2342 3377 insigniter
2399 3295 2582 3359 aucta
2634 3315 2854 3363 exean-

251 3370 611 3453 defcentiam
634 3371 919 3453 febrilem
945 3387 1144 3440 creat.

340 3449 664 3518 Inchoato
695 3452 927 3519 deince
978 3477 1008 3522 s
1043 3456 1437 3552 paroxffmo,
1482 3454 1560 3523 sae
1612 3476 1649 3522 e
1677 3462 1942 3524 vomitus
1989 3457 2171 3538 biliosi
2210 3454 2414 3540 fiunt,
2460 3460 2608 3544 quia
2654 3459 2723 3526 in
2766 3464 2866 3527 ri-

247 3552 401 3621 gore
444 3532 506 3598 ὅ(
550 3545 800 3602 tremore
842 3538 917 3620 fe
989 3537 1059 3601 ili
1104 3536 1186 3602 ab
1234 3536 1458 3606 usdem
1558 3544 1724 3605 uccis
1786 3543 2026 3605 nerveis
2070 3539 2378 3606 acredine
2420 3543 2855 3629 coinquinatis

250 3618 613 3681 membrana
651 3616 857 3683 totius
901 3619 1209 3703 corporis·
1239 3621 1704 3687 convelluntur
1737 3669 1761 3703 ,
1818 3622 2148 3711 praecipue
2175 3620 2514 3706 stomachus
2545 3673 2569 3705 ,
2605 3627 2860 3709 pylorus

254 3697 323 3763 ἀ
356 3697 767 3777 cboledocbus‚
815 3699 922 3783 qui
966 3704 1175 3765 nervis
1217 3703 1593 3770 abundant:
1639 3703 1701 3768 ὅ(
1745 3702 1897 3768 ideo
1922 3703 2156 3788 spasmo
2197 3704 2545 3773 contractis
2575 3753 2596 3787 ‚
2639 3710 2777 3773 bilis
2822 3709 2868 3774 ὲ

235 3778 431 3860 felleo
474 3791 671 3843 meatu
716 3781 1080 3874 compresso
1126 3786 1476 3871 expeliitur
1523 3785 1588 3851 in
1616 3786 1947 3850 duodenum
1973 3832 1997 3867 ‚
2058 3787 2120 3853 δ(
2163 3786 2315 3854 hinc
2356 3788 2420 3855 in
2449 3785 2863 3873 stomachum3
2966 3805 2977 3816 ·

252 3860 323 3925 ἂ
359 3860 621 3927 tandem
650 3878 769 3946 per
813 3882 872 3928 os
903 3862 1175 3946 ejlcitur.

669 3974 673 3978 ’
1485 3943 1683 4032 (ΜΨ
1713 3947 1739 4032 )
1785 3966 1832 4036 3
2701 3953 2878 4023 Prae-
