3419 4538
511 246 605 319 86
1190 238 1351 306 cn.
1399 238 1481 307 v.
1528 237 1657 306 DE
1701 232 2017 308 CORDE
2057 234 2460 332 EmthJE

521 390 711 475 primi
760 407 896 454 non
939 380 1196 472 possunt
1241 391 1275 455 a
1319 390 1616 475 pondere
1662 387 1875 476 qffium.
1964 388 2285 454 Praeterca
2330 388 2457 454 illae
2489 389 2729 454 arteria·
2762 385 3133 478 suspense,

526 490 667 555 quae
700 493 727 535 ο
767 477 937 548 thu-s,
983 472 1091 535 vel
1129 475 1471 537 tendinibus
1502 468 1778 556 superne
1814 470 2034 554 pofitis
2076 470 2448 549 adhaerent,
2496 473 2834 554 comprimi
2878 493 3138 559 neque·

523 570 642 617 unt
689 574 723 618 a
815 548 1037 616 iisdem
1085 549 1327 636 ffbas,
1378 558 1757 635 terminibus,
1806 572 1954 617 cum
2002 569 2129 617 nec
2175 553 2470 631 moveri,
2519 570 2645 615 nec
2677 551 2928 620 dilatari
2969 555 3136 639 pos·

523 634 678 701 fint:
726 653 850 700 nec
885 649 1192 718 urgentur
1223 634 1259 700 a
1289 639 1569 700 carnibus
1597 631 2074 719 subterpositis,
2120 634 2268 716 quia
2297 629 2404 697 sua
2433 634 2753 717 gravitate
2781 638 3003 718 potius
3019 658 3137 703 re-

523 718 769 782 cedere
802 715 882 780 ab
911 720 1157 781 arteriis
1190 733 1548 800 conantur,
1598 733 1847 782 tantum
1882 714 2099 794 abest,
2145 731 2219 779 ut
2250 734 2355 779 eas
2388 716 2836 797 comprimant.
2882 718 3132 786 Simili·

521 814 629 863 ter
661 798 964 865 omnibus
995 802 1361 863 arteriarum
1389 803 1614 878 ramis,
1660 816 1874 882 prope
1904 809 2097 862 cutem
2125 794 2554 862 existentibus
2586 797 2648 860 in
2680 793 2799 860 fitu
2845 797 3079 884 supino
3095 849 3126 884 ,

518 882 861 946 minimum
899 881 1155 964 pondus
1189 881 1365 963 pellis
1412 881 1477 946 δι
1507 883 1898 977 pinguedinis
1940 877 2293 943 incumbit:
2341 877 2402 942 ὅ(
2443 877 2595 940 ideo
2642 877 2786 942 talis
2831 879 3132 964 leviffima

511 960 720 1055 preffio
756 980 1069 1026 exercere
1102 980 1235 1026 non
1266 960 1476 1045 poss'et
1503 959 1918 1045 valzdzffimam
1947 959 2123 1024 illam
2154 962 2320 1039 vim,
2368 977 2508 1043 quae
2541 959 2888 1043 requiritur
2916 963 2997 1028 ad
3018 964 3128 1029 ef-

519 1042 868 1137 fimendam
877 1042 1207 1130 sanguinis
1241 1039 1643 1128 velociffimam
1671 1038 2022 1126 effusionem.
2070 1039 2156 1104 Et
2197 1040 2357 1104 licet
2403 1041 2689 1122 pondera
2734 1047 3010 1109 carnium
3054 1048 3129 1114 δε
3242 1068 3255 1079 ·

520 1129 593 1190 vi
621 1128 821 1190 'cerum
850 1125 1370 1190 mcumbentium
1401 1127 1650 1189 arteriis
1683 1123 2002 1205 aliquibus
2031 1121 2095 1186 in
2127 1119 2290 1185 locis
2336 1120 2807 1203 comprimant,
2851 1124 2912 1189 ἀ
2959 1126 3123 1193 ideo

522 1227 561 1273 a
605 1208 837 1289 juvent
865 1204 1650 1291 exprqffionemsanguini53
1696 1222 1910 1268 tamen
1945 1201 2085 1267 haec
2117 1206 2217 1266 vis
2248 1200 2341 1266 est
2370 1202 2641 1282 debilis,
2688 1220 3127 1291 praeterquam

522 1290 586 1356 in
610 1290 1026 1373 pulmonibu53
1073 1289 1135 1353 δι
1162 1305 1294 1353 non
1329 1302 1675 1352 exercetur
1705 1284 1983 1368 ubique.-
2026 1303 2223 1368 quare
2254 1301 2387 1348 non
2421 1285 2546 1349 erit
2578 1282 2762 1349 causa
2792 1287 3117 1355 universa·

520 1371 600 1437 lis
632 1372 804 1437 illius
832 1366 1191 1453 validiffimae
1201 1368 1533 1455 sanguinis
1562 1363 1954 1450 exprefflonis.

602 1451 972 1516 Postremus
1005 1452 1237 1515 modus
1267 1448 1716 1533 experimendi
1732 1447 2133 1543 jangui'nem,
2182 1447 2290 1532 qui
2323 1444 2398 1512 fit
2427 1446 2463 1512 a
2495 1449 2892 1517 contractione
2919 1452 3117 1547 fibra-

520 1552 659 1598 rum
689 1531 1220 1625 transveaalium‚
1266 1533 1504 1597 nedum
1542 1528 1635 1595 est
1664 1529 2010 1614 poffibrlis‚
2056 1524 2162 1594 sed
2195 1529 2389 1594 etiam
2418 1528 2515 1593 est
2542 1529 2733 1594 valde
2773 1531 3117 1605 familiaris

519 1612 791 1680 Naturae
822 1633 884 1678 m
922 1613 1343 1679 animalibus:
1391 1612 1685 1677 videmus
1717 1612 1925 1691 enim,
1975 1609 2217 1675 cibaria
2245 1611 2324 1674 ab
2354 1611 2639 1696 oesopbagi
2658 1604 2867 1695 fistula
2885 1617 3115 1703 deglu-

519 1696 624 1758 tiri
656 1714 787 1759 non
865 1693 1039 1775 offe,
1082 1692 1232 1774 nifi,
1279 1694 1625 1759 contractis
1643 1690 1824 1775 fibris
1856 1693 2289 1771 circularibus,
2334 1692 2726 1778 canalis-gata·
2787 1695 2994 1764 ostice
3010 1720 3115 1766 re-

515 1774 770 1841 strictus
846 1776 1014 1840 uerit
1057 1774 1094 1858 ζ
1110 1776 1316 1841 veluti
1363 1774 1579 1859 digitis
1622 1792 1771 1839 com
1822 1774 1996 1839 reffis
2042 1773 2256 1838 nuclei
2293 1773 2693 1858 ejiciuntur)
2736 1713 2822 1843 gc
2851 1781 3050 1864 plane
3077 1783 3116 1851 a

518 1856 840 1941 pressione
859 1904 880 1936 ,
924 1857 986 1922 &
1013 1858 1313 1941 urgentia
1339 1857 1615 1939 repetita
1646 1856 1772 1941 deg
1796 1856 2089 1920 utiuntur
2116 1855 2275 1920 boli.
2364 1855 2451 1920 Et
2485 1856 2722 1922 eodem
2769 1862 2973 1928 modo
2996 1867 3119 1948 foe-

516 1959 611 2004 ces
644 1940 709 2003 in
736 1934 1039 2022 intestinis
1071 1939 1540 2021 exprimuntur.
1628 1937 1736 2002 Sic
1765 1937 2008 2021 pariter
2037 1936 2145 2002 alii
2175 1934 2414 2003 fluores
2444 1938 2509 2003 in
2538 1939 2831 2014 animalis
2860 1945 3118 2030 *nasceris
3222 2030 3239 2041 “

514 2023 625 2085 bus
655 2033 817 2085 rnatu
841 2016 1209 2103 peristaltico
1240 2019 1604 2099 ejiciuntur.

596 2100 959 2180 Praeterea,
1007 2119 1157 2166 cum
1176 2147 1199 2181 ,
1245 2118 1486 2184 praeter
1520 2106 1847 2167 enat-ratos
1877 2098 2111 2164 modos
2142 2099 2565 2165 mechanicos
2596 2100 2865 2186 faciles,
2908 2106 3111 2174 &ob-

513 2184 660 2248 vios
693 2181 1233 2330 ejicienffirftuoris
1262 2182 1299 2248 ὲ
1315 2178 1544 2265 fistulis
1569 2183 1877 2248 mollibus
1908 2180 1969 2245 ὅ(
1999 2181 2267 2264 turgidis
2348 2181 2455 2246 alii
2497 2200 2632 2247 non
2678 2183 3117 2260 observentur

510 2265 581 2332 in
613 2266 923 2351 operibus
1025 2281 1224 2330 aturae
1252 2264 1314 2330 ὁ(
1343 2264 1536 2344 artiS,
1583 2265 1647 2330 ὅ(
1677 2263 1930 2330 Natura
1960 2264 2233 2347 perenni
2276 2227 2426 2347 sege
2467 2266 2865 2349 compendia
2908 2266 3115 2339 seete.

515 2363 620 2413 tur
639 2394 660 2428 ‚
706 2347 768 2412 ot
798 2348 1100 2445 ambages
1128 2348 1191 2412 δι
1218 2348 1566 2413 varietates
1594 2345 1944 2411 abhorreat
1962 2367 1977 2382 ·
2027 2362 2186 2430 ergo
2216 2345 2436 2429 aliquo
2470 2364 2551 2410 ex
2567 2351 2879 2415 enarratis
2894 2355 3109 2421 modis

510 2428 768 2497 Natura
777 2431 1140 2515 sangumem
1168 2428 1250 2494 ab
1279 2431 1529 2493 arteriis
1560 2428 1854 2512 expellit.
1940 2393 2043 2492 fsti
2074 2442 2295 2494 autem
2337 2445 2606 2508 omneS,
2654 2447 2941 2516 excepto
2980 2455 3107 2520 poa

509 2509 756 2579 stremo
774 2557 796 2593 ,
840 2511 1257 2596 impoffibiles
1288 2508 1518 2575 ostensi
1548 2505 1731 2588 sunt3
1774 2508 1970 2593 igitur
2001 2509 2051 2573 is
2073 2507 2450 2574 retinendus
2481 2510 2624 2575 erit.

597 2594 726 2659 Sed
759 2593 1193 2678 procedamus
1222 2592 1303 2656 ad
1336 2589 1622 2656 firmiora
1648 2592 1712 2657 &
1744 2590 2204 2655 convincentia
2234 2606 2630 2672 argumenta.
2716 2591 2872 2660 Post
2910 2599 3122 2684 Μω-

514 2678 734 2740 tionem
777 2677 975 2739 cordis
1015 2675 1145 2739 duo
1202 2671 1478 2739 effestus
1517 2668 2019 2756 subsequuntur,
2060 2672 2302 2753 repletio
2344 2673 2714 2737 arteriarum
2751 2675 2788 2740 a
2806 2675 3116 2766 songiam

514 2754 792 2824 immiss'o
810 2804 831 2836 ‚
875 2756 938 2821 &
965 2758 1173 2820 exitus
1205 2750 1485 2835 ejusdem
1498 2754 1832 2848 sanguinis
1862 2752 1942 2818 ab
1972 2749 2211 2817 eisdem
2242 2755 2511 2816 arteriis.
2595 2753 2800 2821 Certe
2830 2757 2930 2825 hae
2960 2763 3117 2828 duae

516 2841 939 2921 operationes
970 2834 1151 2901 fimul
1184 2850 1483 2917 tempore
1517 2834 1659 2901 fieri
1689 2853 1820 2899 non
1849 2834 2148 2916 possunt,
2198 2834 2344 2916 quia
2371 2832 2479 2897 illa
2506 2829 2581 2897 fit
2595 2836 2941 2922 dilatando,
2960 2843 3117 2910 haze

512 2918 963 3004 constringendo
994 2913 1246 2981 easdem
1277 2918 1576 2997 arterias3
1625 2917 1733 3013 qui
1769 2925 1962 2978 motus
1993 2917 2286 2979 contrarii
2315 2911 2496 3005 simul
2541 2912 2684 2981 fieri
2728 2937 2814 2984 ne
2859 2940 3110 2991 ueunt:

512 3021 711 3086 quare
745 3011 1053 3083 oportet,
1099 3010 1174 3061 ut
1202 2998 1443 3080 repletio
1473 3011 1843 3064 arteriarum
1866 2995 2235 3080 praecedat,
2281 2994 2672 3089 &deluceps
2687 2995 2758 3065 su
2828 3020 3117 3091 equatur

513 3079 807 3165 reJiriStio
837 3081 899 3144 ὅ(
927 3082 1236 3144 evacuatio
1261 3080 1632 3145 earundem.
2548 3160 2553 3164 Κ

597 3161 782 3227 Talis
812 3176 1029 3226 autem
1061 3161 1300 3244 repletio
1328 3160 1391 3226 ὃ(
1420 3163 1767 3247 turgentia,
1807 3176 1949 3244 quae
1977 3157 2327 3242 praecedit‚
2374 3158 2438 3224 in
2485 3162 2737 3227 arteriis
2780 3162 2922 3232 fieri
2965 3186 3113 3238 non

511 3242 732 3331 potest
762 3241 996 3328 absque
1023 3243 1373 3307 earundem
1392 3240 1694 3325 fibrarum
1721 3239 2217 3325 transberjalium
2234 3241 2499 3305 violenta
2524 3240 2926 3325 distrui-tione.
3009 3249 3106 3316 Et

510 3327 775 3393 aliunde
807 3324 1075 3406 scimuS,
1121 3324 1298 3408 quod
1328 3342 1558 3389 omnes
1577 3321 1748 3407 fibroe
1777 3343 1861 3388 va
1890 3341 2089 3401 oram,
2135 3319 2318 3385 sicuti
2339 3318 2507 3401 fibroe
2538 3323 2972 3468 ωιὲὲτιὶοπηη,
3003 3335 3106 3396 in-

511 3406 895 3491 testinorum,
944 3409 1292 3485 tendinum,
1339 3408 1811 3470 numbranarum
1932 3406 2079 3468 corii
2108 3404 2268 3494 cutis
2284 3400 2578 3467 refistunt
2640 3401 3024 3493 isti-afflant,
3042 3415 3109 3480 δε

513 3494 643 3553 vim
690 3488 936 3554 habent
978 3485 1045 3552 se
1089 3486 1518 3552 contrahendi
1565 3485 1645 3550 ad
1690 3483 1884 3549 instar
1912 3501 2096 3548 arcus
2129 3479 2427 3549 dlstraffl.
2512 3481 2724 3552 Immo
2752 3490 3100 3575 videmus,

510 3568 690 3652 quod
707 3569 874 3650 fibra
906 3585 1133 3634 omnes
1151 3617 1172 3650 ,
1217 3570 1283 3633 in
1313 3565 1429 3632 suo
1460 3565 1739 3632 naturali
1766 3565 1888 3633 {itu
1904 3563 2285 3644 collocatae,
2330 3564 2663 3651 patiuntur
2676 3569 2959 3653 aliquam
2976 3579 3105 3641 «0170.

508 3651 734 3714 lentam
763 3649 1143 3715 tractionem:
1189 3668 1376 3729 nam,
1421 3646 1469 3713 fi
1499 3646 1900 3728 scindantur,
1947 3645 2177 3729 sponte
2210 3643 2318 3709 sua
2347 3643 3098 3733 contrahuntur,&-bre-

507 3732 730 3795 viores
761 3727 946 3794 fiunt.
1032 3730 1236 3824 Quod
1267 3749 1399 3795 non
1430 3733 1883 3813 contingeret,
1929 3725 1975 3792 fi
2004 3726 2132 3792 illae
2150 3724 2319 3809 fibroe
2350 3728 2702 3795 extitiffent
2733 3736 3091 3817 aequilibm

509 3826 594 3877 tae
626 3812 797 3876 inter
827 3810 1160 3875 laxitatem
1190 3813 1252 3877 &
1282 3810 1837 3892 contr-astionem,
1882 3807 2063 3874 ficuti
2093 3823 2272 3873 arcas
2301 3804 2508 3874 soluta
2534 3812 2751 3878 chorda
2777 3833 2913 3881 non
2929 3817 3084 3900 pati·

509 3911 617 3960 tur
647 3890 1101 3957 contraditionem
1131 3893 1194 3958 &
1221 3887 1674 3975 distractionem.

587 3975 677 4042 At
707 3972 750 4040 fi
780 3971 950 4055 fibroe
981 3992 1211 4037 omnes
1243 3974 1307 4038 in
1325 3972 1483 4039 statu
1516 3970 1793 4038 naturali
1823 3975 1953 4037 vim
1982 3971 2259 4056 aliquam
2288 3968 2694 4055 distraetionis
2723 3977 3094 4059 patiuntur,

508 4074 672 4144 ergo
688 4103 713 4139 ,
757 4053 1018 4142 quando
1051 4057 1289 4122 arterioe
1322 4055 1659 4151 replentur
1667 4054 1977 4143 sanguine
1987 4101 2014 4137 ,
2060 4068 2216 4123 tunc
2255 4055 2543 4137 ampliata
2582 4060 2851 4124 cavitate
2880 4058 3099 4155 multo

2654 4155 2663 4162 ·
2898 4157 3112 4228 magra

3378 2060 3411 2388 .““
3382 1930 3411 1971 ⁸-
3388 1528 3409 1891 *nn-u..
