3419 4538
879 188 2101 300 A'NIMALIUM.
2647 255 2820 325 257

192 363 538 456 nestantrs
575 378 859 447 molesto
906 392 1139 464 torpore
1166 376 1461 456 dolorifico
1489 379 1769 457 afficiat,
1812 377 1960 448 fere
2015 379 2200 447 fimili
2231 380 2470 466 spasmo
2516 384 2612 450 ilh·
2645 432 2668 467 ,
2761 391 2826 455 ui

194 466 595 555 producitur
622 464 660 529 a
693 467 882 528 cubici
925 459 1276 548 concuffione
1320 458 1508 545 super
1563 457 1867 528 mensam.
1960 462 2147 528 Talis
2190 467 2434 551 energia
2461 463 2679 550 stupes
2771 473 2823 533 i·

208 572 305 616 va
335 555 464 613 non
500 545 710 611 oritur
741 544 779 610 a
808 545 1151 626 facultate,
1196 544 1304 609 vel
1336 563 1494 607 aura
1536 543 1668 607 ulla
1711 543 2037 627 venemffa:
2079 563 2228 609 nam
2277 547 2532 629 prime,
2579 546 2625 614 si
2682 547 2823 617 tan*-

211 647 442 716 gatur‚
505 627 1084 704 contre‘cteturque
1143 624 1425 708 torpedo
1473 641 1559 689 eo
1603 641 1907 708 tempore
1941 671 1964 705 ‚
2026 642 2159 710 quo
2201 625 2473 711 quiescit
2581 641 2854 698 manum

202 706 479 797 prorsus
506 727 655 773 non
707 707 924 788 laedit3
966 705 1256 772 secundo
1314 705 1554 790 eodem
1603 705 1744 789 ipso
1804 721 2104 790 tempore
2132 752 2155 787 ,
2222 725 2354 791 quo
2412 674 2607 793 pifcis
2665 731 2827 786 con·

202 793 504 871 .cutitur,
548 787 594 854 fi
628 804 921 855 extrema
967 789 1103 869 ejus
1147 806 1293 871 pars
1351 787 1635 853 lateralis
1678 790 1743 852 di
1786 790 1893 853 itis
1937 787 2397 870 contrapofitis
2436 790 2822 880 stringatur,

198 893 429 942 mnus
454 869 547 937 nil
577 870 859 938 laeditur.
902 869 1006 935 Ex
1036 886 1170 953 quo
1205 869 1570 949 evincitur,
1612 877 1743 952 quo
1819 865 2007 953 piscis
2043 868 2160 933 ille
2190 870 2434 946 nullam
2467 893 2682 940 auram
2708 897 2810 942 ve-

208 966 509 1020 muctam
554 953 819 1018 emittit.
910 951 1160 1016 Verum
1193 949 1285 1015 6st
1330 961 1586 1029 tamen,
1633 951 1809 1032 quod
1852 952 2072 1036 digitis
2097 969 2250 1018 com
2302 952 2658 1037 reffiozejus
2692 959 2820 1023 tho-

223 1053 519 1121 racepro
619 1034 904 1118 spinam,
934 1031 1046 1098 ubi
1077 1030 1180 1099 fre
1227 1030 1570 1119 uentiffimi
1608 1031 1879 1097 nervi&
1904 1031 2154 1126 musculi
2179 1052 2214 1098 a
2264 1032 2443 1116 sunt,
2495 1051 2654 1103 tunc
2681 1058 2817 1105 con-

218 1115 395 1203 cuffio
423 1137 501 1181 ve
543 1135 733 1180 emens
765 1113 937 1180 illius
980 1114 1190 1180 anima
1219 1132 1270 1177 is
1290 1132 1534 1178 manum
1574 1114 2038 1180 conti-efiantls
2067 1110 2419 1198 stupefacit
2447 1164 2469 1199 ,
2510 1117 2818 1201 &spasmo

266 1199 512 1265 nodam
541 1195 760 1263 afficit.
832 1194 1034 1262 Hanc
1068 1192 1380 1341 pffonem
1411 1195 1580 1260 adeo
1625 1195 2047 1280 exaggeravit
2087 1194 2354 1263 Nobilis
2384 1199 2815 1266 Anatomicus

277 1281 466 1375 nglus
493 1325 516 1359 ,
602 1279 668 1344 ui
715 1290 964 1344 tremore
994 1289 1117 1361 par
1176 1278 1334 1360 ylico
1374 1276 1732 1341 vexabatur
1844 1292 1919 1340 ut
1949 1274 2389 1345 affirmavetur
2429 1299 2653 1347 coram
2698 1282 2813 1349 Se·

197 1361 540 1431 *remffimo
649 1375 1042 1425 nnuman
1065 1376 1172 1423 no
1216 1357 1470 1442 Magno
1503 1356 1696 1422 Duce
1733 1323 2062 1422 fietruriae
2094 1356 2208 1424 fitn
2236 1358 2533 1445 molestum
2566 1363 2817 1430 dolorem

208 1444 447 1510 brachii
477 1461 594 1526 per
626 1442 790 1507 duos
817 1439 955 1506 dies
988 1437 1269 1507 intulisse
1315 1438 1677 1523 torpedinis
1704 1438 1877 1505 lllius
1925 1439 2321 1507 contactum.
2404 1441 2653 1512 Nescio
2737 1465 2820 1514 an

215 1544 263 1591 o
314 1525 452 1590 inio
497 1524 736 1589 malum
787 1523 1064 1588 auxerit.
1162 1519 1402 1587 Dicam
1450 1538 1587 1605 ego
1631 1519 1810 1586 bona
1850 1518 1982 1586 fide
2010 1566 2033 1602 ,
2098 1539 2240 1606 quae
2290 1542 2327 1587 e
2423 1539 2600 1594 crtus
2642 1490 2806 1594 sum.

214 1543 757 1695 quotiescunque
784 1607 999 1698 digitis
1027 1621 1162 1669 non
1189 1601 1418 1686 flexis,
1461 1598 1669 1676 sedin
1713 1601 2030 1668 directum
2068 1602 2346 1670 extenfis
2413 1606 2521 1671 evi
2563 1622 2810 1675 conatu

210 1695 511 1756 thoracem
539 1686 898 1770 torpedinis
928 1683 1356 1770 stringebam,
1392 1698 1559 1772 tunc
1593 1682 1841 1769 absque
1886 1685 2020 1749 ulla
2064 1683 2362 1751 molestia
2403 1688 2574 1754 ill-ius
2617 1684 2808 1773 piscis

158 1779 163 1784 ’
211 1783 524 1836 trermrem
553 1768 943 1833 tolerabam:
976 1782 1042 1833 at
1058 1765 1318 1852 quando
1332 1766 1614 1831 articulis
1645 1767 1934 1830 extremis
1964 1766 2354 1849 incurvatis,
2378 1770 2613 1852 pollicis
2644 1789 2809 1855 prae-

206 1852 449 1935 cipue,
492 1849 903 1942 excipiebam
981 1867 1017 1914 e
1103 1846 1565 1914 endiculariter
1595 1844 1985 1932 percuffiones
2026 1849 2312 1914 tremulas
2354 1848 2545 1933 piscis
2575 1899 2598 1932 ,
2646 1868 2808 1926 tunc

194 1933 254 2022 s
276 1932 499 2018 qsmum
524 1930 840 2016 patiebar.
993 1949 1034 1996 n
1086 1930 1441 2014 e-cognovi
1528 1932 1706 2023 quod
1735 1929 1800 1994 in
1833 1929 1945 1995 tali
1978 1924 2146 1995 casu‘
2174 1933 2444 1997 tmdines
2474 1932 2713 2015 nostri,
2742 1935 2809 2002 δι

205 1947 538 2102 zfgamnta
563 2013 961 2078 articulorum
992 2011 1279 2096 nervcffa,
1321 2012 1383 2078 δι
1447 2014 1592 2105 ensa
1622 2008 1937 2095 exquifito
1953 2010 2232 2094 donata,
2278 2013 2494 2080 valide
2526 2031 2805 2081 contun-

207 2098 458 2164 duntur
488 2095 568 2160 ab
595 2091 813 2159 istibus
840 2096 1110 2176 repetitis
1182 2091 1368 2159 factis
1461 2090 1648 2175 piscis
1674 2090 2171 2176 concuffionibus,
2193 2097 2300 2178 qui
2382 2097 2611 2162 roinde
2665 2098 2803 2182 pas·

190 2198 375 2258 *mum
408 2175 774 2271 producere
816 2173 1073 2260 possunt
1113 2141 1382 2241 iimilem
1430 2174 1492 2239 ei
1516 2219 1547 2256 ,
1610 2174 1719 2258 qui
1764 2172 1802 2239 a
1844 2175 2036 2240 cubici
2090 2185 2275 2258 percu
2315 2196 2446 2243 wne
2485 2196 2612 2262 pro
2662 2179 2798 2247 uci-

289 2338 565 2425 Hystrix
592 2358 755 2405 vero
788 2358 922 2405 non
966 2338 1320 2419 eiaculatur
1343 2337 1563 2485 Zinas
1588 2333 1729 2404 suas
1770 2338 2177 2424 praelonga8‚
2233 2333 2352 2406 sed
2397 2352 2795 2408 tantummo-
2897 2384 2898 2387 =

183 2423 286 2490 do
332 2441 440 2488 eas
483 2421 758 2488 arrectas
788 2420 1134 2487 retinendo
1178 2432 1371 2485 trema
1471 2417 1820 2505 concuffione
1934 2421 2050 2486 itat
2081 2422 2144 2487 ἀ
2168 2420 2404 2489 vibrat.
2466 2420 2623 2488 Hoc
2653 2423 2795 2508 qui-

192 2506 348 2572 dem
376 2503 658 2571 efficitur
681 2503 740 2569 ,ὲ
771 2504 924 2586 pelle
967 2500 1320 2586 musculosa,
1364 2501 1427 2569 δι
1468 2503 1517 2569 ὲ
1547 2502 1828 2587 musculis
1894 2505 2326 2569 emilunaribus
2341 2551 2363 2585 ,
2410 2505 2643 2590 quibus
2689 2508 2790 2573 in·

191 2597 371 2654 terna
410 2588 571 2651 cutis
600 2583 835 2669 stipata
874 2583 1004 2664 est,
1048 2583 1156 2668 qui
1188 2586 1418 2649 radices
1441 2584 1771 2669 spinarum
1815 2583 2074 2671 erigunt
2105 2586 2168 2652 &
2210 2587 2621 2654 concutiunt.

284 2666 588 2734 Deberet
627 2666 829 2732 modo
874 2663 1168 2749 subjungi
1225 2664 1477 2731 theoria
1521 2664 1786 2731 aliarum
1842 2665 2411 2734 innumerabilium
2457 2670 2783 2736 motionum

188 2746 663 2830 morbificarum,
708 2747 1063 2832 dequibus
1094 2746 1349 2812 Medici
1394 2743 1820 2831 copiofiffime
1855 2746 2303 2815 differuerunt.
2369 2751 2457 2814 At
2485 2751 2631 2834 quia
2672 2769 2783 2816 me
2877 2776 2888 2785 ·

166 2830 355 2977 ffiti
398 2847 529 2895 non
570 2826 782 2911 facio,
824 2845 899 2896 ut
936 2829 1213 2900 meliora
1243 2826 1558 2916 proferre
1601 2826 1893 2913 valeam,
1936 2828 2090 2899 ideo
2132 2829 2550 2901 solummodo
2574 2850 2785 2920 pauca

285 2928 585 2995 jungam.
2133 2966 2140 2971 ,

1034 3186 1130 3284 C
1152 3213 1448 3281 APUT
1555 3187 1901 3283 XXII.

667 3417 799 3506 De
851 3412 1103 3561 motu
1156 3413 1871 3509 excandescentiae
1923 3414 2263 3513 febrilis·

159 3627 487 3855 AG
500 3652 566 3727 A
583 3656 664 3727 M
716 3637 829 3731 de
879 3648 1327 3736 motionibus
1363 3644 1996 3755 excandescentiae
2027 3638 2390 3758 febrilis,
2449 3665 2636 3757 quae
2680 3639 2771 3731 li-

476 3769 616 3840 cet
664 3753 968 3845 nostris
1000 3757 1339 3875 senfibus
1369 3756 1751 3875 exposita
1787 3757 1885 3849 sit
1903 3821 1933 3865 ,
1988 3784 2244 3875 quam
2277 3752 2772 3869 stequenter

148 3856 460 3949 nostro
495 3865 725 3956 malo
781 3872 1321 3987 experiamur
1344 3933 1378 3980 ,
1449 3870 1993 3962 nihilominus
2048 3896 2340 3961 earum
2388 3868 2629 3981 causae
2678 3872 2766 3955 δι

144 3975 365 4062 modi
427 3981 896 4095 mechanici,
974 3984 1280 4101 quibus
1347 3984 1828 4081 efficiuntur
1859 4048 1890 4099 ‚
1973 3983 2366 4105 quamvis
2427 3980 2765 4069 summo

301 4124 470 4193 Pars
512 4127 605 4197 ιι.
1517 4130 1684 4217 (Kk
1701 4129 1742 4214 2
2488 4090 2766 4184 studio
