3419 4538
986 117 2174 189 INRENIBUS.
2671 134 2891 211 ,ισῑ

776 325 1816 477 ΡιιιοΡοεῐῆτιο
1931 332 2354 478 C‘XLlI.

952 613 1170 703 Aliae‘
1215 608 1685 726 ObjeHion‘es
1738 613 2264 727 resolvuntur.

308 911 313 912 γ
370 837 641 907 Accedo
687 837 890 905 modo
923 839 1004 904 ad
1044 839 1198 908 alias
1239 838 1686 922 objectiones,
1732 835 1770 904 a
1816 835 2178 905 Clarissima
2211 838 2611 905 Anatomico
2655 856 2884 907 contra

280 920 567 989 nostram
609 917 996 986 sententiam
1042 917 1459 1004 conscriptas.

364 1001 430 1069 Is
469 997 882 1067 confidenter
908 1003 1335 1088 pronunciat,
1383 997 1837 1087 obscuriffimum
1877 1000 1980 1088 ff
2008 1000 2338 1085 artificium
2368 1050 2390 1084 ,
2433 1023 2544 1088 quo
2589 1007 2773 1069 urina
2815 1008 2883 1070 in

279 1087 524 1151 renibus
547 1082 917 1168 separatur3
961 1085 1100 1150 licet
1142 1084 1448 1179 (inquit)
1487 1084 1921 1170 glandularum
1964 1097 1991 1166 (
2030 1102 2258 1151 renum
2290 1083 2580 1168 nempe)
2622 1083 2883 1168 mimjlle·

281 1170 378 1232 rio
408 1177 602 1229 totum
629 1166 731 1229 hoc
774 1163 931 1249 suase
976 1169 1041 1230 ui
1073 1169 1296 1230 rationi
1311 1161 1397 1244 fit
1428 1163 1774 1250 consonum,
1823 1167 2100 1251 quoniam
2132 1179 2328 1231 tamen
2360 1170 2607 1231 minima
2648 1168 2684 1250 (
2703 1186 2882 1232 nem·

278 1264 367 1332 pe
416 1234 866 1328 individualis)
912 1247 1058 1328 ila,
1088 1244 1453 1332 simplexque
1492 1258 1791 1312 meatuum
1833 1252 1901 1314 in
1939 1247 2252 1333 glandulis
2280 1245 2599 1331 Jlrutlura
2648 1270 2750 1313 nos
2796 1249 2880 1313 la-

286 1340 417 1408 tet,
462 1330 584 1393 idea
625 1330 889 1413 quaedam
930 1341 1168 1394 tantum
1204 1331 1493 1394 meditari
1531 1329 1831 1413 poffumus
1858 1376 1883 1411 ,
1942 1341 2013 1394 ut
2057 1329 2198 1393 huic
2235 1326 2464 1414 quoesito
2497 1332 2885 1412 probabiliter

270 1409 759 1506 satisfaciamus.
844 1409 1083 1495 Neeeffe
1111 1405 1236 1494 est,
1280 1411 1432 1475 bane
1474 1415 1809 1476 machinam
1853 1414 2100 1477 interna
2143 1411 2607 1498 configuratione
2635 1413 2885 1495 separa-

287 1495 476 1555 tionzs
519 1501 660 1573 opus
696 1503 1016 1587 peragere·
1066 1511 1147 1556 an
1177 1512 1319 1556 vero
1359 1494 1477 1570 iis,
1526 1511 1652 1576 quae
1681 1495 1760 1558 ad
1799 1493 2084 1557 humanos
2128 1494 2269 1576 usus
2312 1491 2706 1577 usurpamus,
2751 1497 2886 1578 qui-

284 1573 558 1653 bussere
585 1568 907 1652 confimilza
1030 1576 1306 1659 agimus,
1352 1570 1655 1656 consonet,
1700 1576 1979 1640 dubium.-
2021 1574 2158 1650 licet
2189 1577 2346 1638 enim
2379 1588 2701 1639 occurrant
2738 1595 2882 1638 aaa·

283 1655 428 1741 logoe
446 1655 720 1750 spongia
753 1700 773 1734 ‚
819 1655 1179 1720 incerniculi
1208 1699 1231 1736 ,
1263 1649 1608 1737 fistularum
1638 1653 1714 1727 &³
1742 1659 2074 1721 cribrorum
2175 1654 2432 1720 rust-ura
2461 1702 2483 1736 ,
2543 1661 2645 1722 cui
2689 1667 2887 1722 tamen

281 1756 363 1802 ex
397 1737 490 1800 bts
520 1734 833 1883 cffmilis
879 1738 1267 1821 undequaque
1295 1731 1381 1815 fit
1413 1755 1620 1800 renum
1651 1738 1944 1819 fabrica,
1991 1741 2054 1802 di
2117 1738 2405 1802 cillimum
2433 1734 2513 1822 ςΙὶ
2555 1735 2884 1824 affignare,

278 1816 360 1890 δ’
400 1837 533 1882 cum
635 1830 826 1882 aturoe
855 1821 1135 1901 operandi
1175 1813 1477 1902 industria
1499 1816 1936 1904 foecundzffima
1964 1817 2052 1900 fic
2082 1866 2102 1899 ‚
2163 1818 2420 1905 ejusdem
2463 1825 2677 1908 ignotae
2724 1823 2891 1887 nobis

281 1902 662 1984 reperientur
688 1901 1011 1981 machinoe,
1058 1919 1207 1985 quas
1239 1920 1343 1964 nec
1374 1911 1564 1965 mente
1595 1903 1832 1985 quidem
1860 1902 2079 1986 affequi
2122 1901 2279 1986 lieet.

369 1980 461 2045 Ut
490 1999 655 2046 vero
684 1981 1057 2063 videamus,
1105 2000 1184 2046 an
1230 1979 1584 2047 obscuritas
1627 1980 1703 2047 fit
1746 1982 1812 2048 in
1842 2002 1915 2048 re
1961 1978 2127 2067 ipsa,
2173 2002 2254 2048 an
2296 1983 2363 2048 in
2400 1983 2626 2049 verbis
2655 2029 2676 2063 ‚
2735 2002 2888 2066 pro-

276 2061 448 2149 poni
478 2063 680 2127 debet
708 2060 904 2128 status
934 2061 1324 2147 quaestionis,
1411 2062 1783 2151 Quaeritur,
1831 2083 1944 2146 quo
1986 2061 2249 2145 artificio
2280 2107 2303 2144 ,
2350 2063 2424 2136 &⁹
2456 2069 2673 2148 quibus
2717 2085 2888 2148 orga-

287 2148 396 2208 nis
436 2147 619 2208 urina
648 2143 685 2209 a
708 2143 1012 2230 sanguine
1062 2149 1130 2209 in
1179 2147 1422 2210 renibus
1439 2148 1772 2227 separatur
1805 2163 1825 2221 ς
1884 2140 2131 2208 scilicet
2178 2163 2256 2210 an
2297 2163 2418 2230 per
2458 2145 2884 2227 fer-mentatio-

280 2245 468 2306 nem,
514 2226 621 2292 vel
650 2227 869 2373 gotius
913 2244 1030 2305 per
1061 2226 1502 2293 excerniculum
1542 2243 1788 2306 renum,
1835 2244 1914 2290 an
1958 2235 2211 2309 utroque
2254 2228 2433 2295 modo.
2522 2226 2606 2292 Et
2648 2241 2832 2310 patet
2859 2274 2885 2309 ,

284 2306 468 2393 quod
516 2305 650 2374 Aut
696 2327 773 2373 οι·
813 2308 876 2375 in
922 2308 1051 2373 boc
1099 2324 1283 2373 textu
1347 2303 1660 2373 refellere
1706 2321 1980 2372 conatur
2036 2302 2384 2372 secundam
2438 2306 2827 2374 sententiam
2861 2355 2883 2387 ‚

280 2408 481 2474 quarn
528 2388 824 2473 expresse
853 2389 1112 2456 videtur
1142 2389 1459 2454 affirmare
1489 2435 1509 2468 ,
1568 2389 1722 2454 dum
1770 2407 1913 2454 eam
1957 2403 2202 2473 negat:
2263 2390 2354 2454 ait
2400 2389 2628 2469 enim3
2674 2392 2888 2474 neceffe

282 2466 567 2554 estffibanc
607 2474 942 2536 machinam
996 2474 1276 2554 (renum
1320 2470 1624 2552 scilicet)
1680 2473 1925 2535 interna
1969 2468 2439 2556 configuratione
2475 2470 2887 2555 separationis

284 2564 430 2635 opus
492 2556 762 2638 engere.
849 2552 1083 2635 Dicat,
1175 2549 1385 2632 uaes0,
1432 2556 1678 2617 interna
1719 2573 1927 2643 renum
1957 2550 2351 2637 configuratio
2380 2550 2599 2637 potest
2642 2572 2727 2617 ne
2759 2554 2888 2618 effe

281 2633 418 2698 aliu
491 2681 514 2714 ,
560 2653 754 2718 quarn
784 2647 1083 2700 meatuum
1166 2633 1377 2718 eura?
1425 2632 1627 2717 Igitur
1657 2633 1934 2717 ipiernet
1964 2634 2275 2699 concedit
2316 2635 2418 2715 id,
2465 2635 2645 2718 quod
2682 2634 2884 2701 refel-
2991 2658 2994 2663 ·

277 2714 426 2781 lere
472 2716 829 2781 conabatur
855 2764 877 2798 ,
935 2717 1457 2802 quandoquidem
1503 2715 1692 2781 novit
1753 2715 2197 2781 neceffitatem
2268 2717 2411 2781 talis
2459 2717 2882 2801 operationis.

280 2797 405 2861 Sed
435 2844 458 2878 ,
505 2797 712 2881 inquit
737 2845 762 2880 ,
803 2797 1016 2863 exusta
1058 2798 1132 2871 ὃ)
1150 2797 1397 2883 Ρνιεεῇὶι
1440 2809 1742 2863 meatuum
1769 2792 2231 2881 strueturatnos
2271 2798 2418 2865 latet
2455 2845 2478 2878 ‚
2518 2798 2761 2881 scilicet
2801 2819 2884 2863 an

259 2874 403 2958 fint
447 2882 738 2961 rotundi,
781 2880 882 2946 vel
911 2901 948 2945 a
1036 2882 1251 2947 alares.
1338 2878 1515 2973 Quid
1547 2878 1627 2944 ad
1659 2896 1797 2944 rem
1830 2878 1864 2943 ‘2
1911 2877 2167 2944 Sufficit
2211 2878 2429 2961 nosse,
2474 2881 2653 2973 quod
2693 2884 2887 2945 urinae

248 3024 255 3029 .
258 2961 580 3046 separatio
606 2960 728 3044 fiat
768 2900 1116 3063 exprffine
1150 2976 1261 3047 per
1284 2963 1600 3044 foramina
1640 2981 1896 3041 rerum3
1956 2960 2040 3026 de
2077 2959 2219 3026 *hoc
2263 2962 2439 3027 enim
2477 2961 2890 3028 {olummodo

280 3041 728 3109 dubitabatur.
810 3045 1014 3111 bicuti
1058 3063 1337 3130 pannum
1374 3064 1396 3123 ς
1453 3046 1639 3108 cutim
1682 3043 1744 3109 ἀ
1784 3063 1993 3108 carnes
2037 3043 2129 3108 ad
2162 3042 2355 3109 instar
2416 3045 2609 3111 cribri
2655 3040 2893 3129 porosa

283 3122 457 3203 effe,
499 3123 562 3189 ὅ(
589 3142 708 3209 per
739 3144 817 3191 ea
845 3127 1114 3192 humores
1193 3140 1487 3191 enetrare
1507 3171 1532 3205 ‚
1576 3125 1740 3189 licet
1769 3124 1851 3188 ad
1881 3126 2148 3191 oculum
2199 3143 2331 3190 non
2368 3141 2624 3209 pateat,
2672 3141 2891 3191 tamen

282 3200 592 3270 suadetur
636 3205 672 3271 ὲ
715 3204 894 3293 figno
927 3210 1088 3274 certi
1141 3225 1275 3273 lmo
1306 3253 1327 3287 ‚
1388 3224 1628 3290 nempe
1671 3224 1768 3271 ex¹
1802 3224 1888 3270 eo
1933 3205 2110 3289 quod
2149 3206 2448 3272 videmus
2483 3255 2509 3286 ‚
2567 3227 2782 3290 aquam
2825 3207 2890 3271 &

272 3284 559 3369 sudorem
602 3306 723 3371 per
767 3295 954 3354 cutim
998 3304 1345 3376 penetrare
1372 3336 1397 3368 ‚
1456 3287 1518 3352 ὅτ.
1555 3287 1634 3371 sa
1724 3289 1923 3351 uinem
1967 3306 2087 3368 per
2134 3307 2343 3351 earnes
2388 3285 2648 3352 tranfire
2681 3333 2701 3366 ,
2746 3288 2808 3352 δι
2847 3285 2888 3351 a

284 3369 467 3431 venis
509 3370 747 3454 excipi.
832 3369 992 3436 Hoc
1036 3371 1283 3456 pendet
1340 3388 1424 3435 ex
1466 3370 1667 3454 praeju
1718 3369 1847 3434 icio
1881 3415 1902 3448 ‚
1958 3368 2136 3453 quod
2195 3384 2478 3451 corpora
2531 3363 2595 3441 se
2655 3383 2888 3433 mutuo

281 3463 638 3596 penetrare
671 3470 803 3518 non
846 3452 1157 3538 possunt;
1199 3452 1355 3518 ideo
1404 3469 1487 3515 ex
1533 3448 1798 3516 transitu
1828 3472 1863 3514 a
1908 3470 1992 3514 uae
2020 3449 2188 3514 ultra
2217 3467 2502 3534 pannum
2533 3496 2557 3531 ,
2603 3451 2711 3516 vel
2751 3449 2892 3535 pel-

315 3548 461 3613 em,
508 3532 865 3682 ngffiess‘arffo
897 3535 1257 3615 evincitur,
1303 3532 1549 3601 crebris
1576 3531 1884 3598 foramim
1933 3551 2006 3598 us
2037 3532 2326 3615 perviam
2357 3531 2483 3598 ess'e
2513 3580 2536 3614 ,
2579 3532 2642 3598 ἃ
2668 3551 2785 3617 per
2814 3550 2895 3597 ea

284 3631 508 3698 aquam
656 3635 764 3680 uxr
823 3633 883 3683 e.
1610 3648 1614 3653 ·

385 3693 593 3844 ssUOd
638 3695 872 3781 postea
914 3697 1005 3764 ob
1047 3696 1482 3764 diverfitatem
1541 3695 1586 3762 fi
1634 3714 1891 3764 uratum
1946 3694 2274 3764 foramina
2328 3696 2409 3761 ali
2456 3715 2539 3761 ua
2582 3695 2895 3779 excipere

280 3794 383 3862 po
434 3794 533 3844 int
577 3778 707 3844 hoc
739 3777 1045 3862 fluidum,
1088 3798 1421 3851 nonfflvero
1458 3716 1659 3861 illuni,
1705 3778 2003 3844 suadetur
2032 3796 2292 3865 quoque
2337 3776 2373 3842 'a
2462 3797 2597 3863 gno
2630 3776 2896 3842 eviden-

284 3860 566 3927 tiffim0:
612 3880 761 3927 narn
805 3862 1104 3929 videmus
1149 3879 1271 3956 per
1324 3865 1483 3927 eutis
1520 3874 1696 3947 poros
1723 3859 2005 3946 sudorem
2033 3880 2284 3946 aqueum
2311 3906 2335 3941 ,
2382 3879 2515 3925 non
2551 3876 2713 3923 vero
2755 3855 2894 3929 san·

276 3943 578 4028 ‘uim'
618 3944 728 4013 cui
753 3943 935 4051 priua
979 3940 1355 4019 conumstus
1382 3942 1639 4033 fuerat3
1678 3942 1742 4015 &
1781 3962 1998 4032 aquam
2029 3960 2158 4031 Aper
2186 3942 2342 4033 ligni
2385 3954 2563 4029 poros
2593 3950 2906 4102 penetlrae

964 4074 969 4079 ³
1327 4072 1367 4108 Ο
