<?xml version="1.0" encoding="UTF-8"?>
<!DOCTYPE html PUBLIC "-//W3C//DTD XHTML 1.0 Transitional//EN"
    "http://www.w3.org/TR/xhtml1/DTD/xhtml1-transitional.dtd">
<html xmlns="http://www.w3.org/1999/xhtml" xml:lang="en" lang="en">
 <head>
  <title>
</title>
<meta http-equiv="Content-Type" content="text/html;charset=utf-8" />
  <meta name='ocr-system' content='tesseract 3.04.00' />
  <meta name='ocr-capabilities' content='ocr_page ocr_carea ocr_par ocr_line ocrx_word'/>
</head>
<body>
  <div class='ocr_page' id='page_1' title='image "./demotuanimalium00jesugoog_0497.png"; bbox 0 0 3419 4538; ppageno 0'>
   <div class='ocr_carea' id='block_1_1' title="bbox 919 133 2892 284">
    <p class='ocr_par' dir='ltr' id='par_1_1' title="bbox 919 133 2892 284">
     <span class='ocr_line' id='line_1_1' title="bbox 919 133 2892 284; baseline 0.011 -23"><span class='ocrx_word' id='word_1_1' title='bbox 919 189 2170 269; x_wconf 88' lang='lat' dir='ltr'><strong>ANIMALIUM.</strong></span> <span class='ocrx_word' id='word_1_2' title='bbox 2749 133 2892 284; x_wconf 35' lang='grc' dir='ltr'>κιο.</span> 
     </span>
    </p>
   </div>
   <div class='ocr_carea' id='block_1_2' title="bbox 212 343 2870 1005">
    <p class='ocr_par' dir='ltr' id='par_1_2' title="bbox 233 343 2870 596">
     <span class='ocr_line' id='line_1_2' title="bbox 330 343 2870 439; baseline 0.001 -22"><span class='ocrx_word' id='word_1_3' title='bbox 330 343 621 417; x_wconf 89' lang='lat' dir='ltr'>Diverso</span> <span class='ocrx_word' id='word_1_4' title='bbox 651 357 869 410; x_wconf 88' lang='lat' dir='ltr'>autcm</span> <span class='ocrx_word' id='word_1_5' title='bbox 896 344 1100 410; x_wconf 87' lang='lat' dir='ltr'>modo</span> <span class='ocrx_word' id='word_1_6' title='bbox 1144 347 1300 410; x_wconf 83' lang='lat' dir='ltr'>dura</span> <span class='ocrx_word' id='word_1_7' title='bbox 1330 349 1556 412; x_wconf 85' lang='lat' dir='ltr'>cibaria</span> <span class='ocrx_word' id='word_1_8' title='bbox 1600 349 1982 416; x_wconf 82' lang='lat' dir='ltr'>triturantur</span> <span class='ocrx_word' id='word_1_9' title='bbox 2010 351 2092 417; x_wconf 87' lang='lat' dir='ltr'>ab</span> <span class='ocrx_word' id='word_1_10' title='bbox 2137 347 2554 436; x_wconf 86' lang='lat' dir='ltr'>accipitribus</span> <span class='ocrx_word' id='word_1_11' title='bbox 2585 352 2647 419; x_wconf 71' lang='grc' dir='ltr'>ὅ(</span> <span class='ocrx_word' id='word_1_12' title='bbox 2679 351 2870 439; x_wconf 90' lang='lat' dir='ltr'>pisci·</span> 
     </span>
     <span class='ocr_line' id='line_1_3' title="bbox 233 425 2868 519; baseline 0 -20"><span class='ocrx_word' id='word_1_13' title='bbox 233 432 410 513; x_wconf 70' lang='lat' dir='ltr'>bus»,</span> <span class='ocrx_word' id='word_1_14' title='bbox 459 430 566 514; x_wconf 91' lang='lat' dir='ltr'>qui</span> <span class='ocrx_word' id='word_1_15' title='bbox 598 431 873 493; x_wconf 79' lang='lat' dir='ltr'>dentibus</span> <span class='ocrx_word' id='word_1_16' title='bbox 911 425 1383 507; x_wconf 87' lang='lat' dir='ltr'>destituuntur,</span> <span class='ocrx_word' id='word_1_17' title='bbox 1427 430 1488 492; x_wconf 71' lang='grc' dir='ltr'>ὅ(</span> <span class='ocrx_word' id='word_1_18' title='bbox 1518 433 1925 498; x_wconf 83' lang='lat' dir='ltr'>ventriculum</span> <span class='ocrx_word' id='word_1_19' title='bbox 1968 452 2105 498; x_wconf 89' lang='lat' dir='ltr'>non</span> <span class='ocrx_word' id='word_1_20' title='bbox 2149 434 2495 519; x_wconf 81' lang='lat' dir='ltr'>carnosum,</span> <span class='ocrx_word' id='word_1_21' title='bbox 2541 431 2651 500; x_wconf 91' lang='lat' dir='ltr'>sed</span> <span class='ocrx_word' id='word_1_22' title='bbox 2694 457 2868 502; x_wconf 85' lang='lat' dir='ltr'>mem·</span> 
     </span>
     <span class='ocr_line' id='line_1_4' title="bbox 242 505 1758 596; baseline 0.001 -20"><span class='ocrx_word' id='word_1_23' title='bbox 242 512 569 596; x_wconf 69' lang='lat' dir='ltr'>branasum</span> <span class='ocrx_word' id='word_1_24' title='bbox 599 508 882 588; x_wconf 83' lang='lat' dir='ltr'>habent,</span> <span class='ocrx_word' id='word_1_25' title='bbox 930 505 1202 574; x_wconf 82' lang='lat' dir='ltr'>slmilem</span> <span class='ocrx_word' id='word_1_26' title='bbox 1250 509 1758 594; x_wconf 85' lang='lat' dir='ltr'>quadrupedum.</span> 
     </span>
    </p>

    <p class='ocr_par' dir='ltr' id='par_1_3' title="bbox 212 590 2866 1005">
     <span class='ocr_line' id='line_1_5' title="bbox 332 590 2866 681; baseline 0.002 -23"><span class='ocrx_word' id='word_1_27' title='bbox 332 594 505 659; x_wconf 78' lang='lat' dir='ltr'>Haec</span> <span class='ocrx_word' id='word_1_28' title='bbox 551 590 847 656; x_wconf 87' lang='lat' dir='ltr'>animalia</span> <span class='ocrx_word' id='word_1_29' title='bbox 884 591 1173 670; x_wconf 75' lang='lat' dir='ltr'>fermento</span> <span class='ocrx_word' id='word_1_30' title='bbox 1218 592 1497 673; x_wconf 88' lang='lat' dir='ltr'>quodam</span> <span class='ocrx_word' id='word_1_31' title='bbox 1541 594 1926 661; x_wconf 76' lang='lat' dir='ltr'>validissimo</span> <span class='ocrx_word' id='word_1_32' title='bbox 1956 615 2165 660; x_wconf 81' lang='lat' dir='ltr'>carnes</span> <span class='ocrx_word' id='word_1_33' title='bbox 2195 596 2255 661; x_wconf 72' lang='grc' dir='ltr'>ὅ(</span> <span class='ocrx_word' id='word_1_34' title='bbox 2288 595 2403 679; x_wconf 80' lang='lat' dir='ltr'>offa</span> <span class='ocrx_word' id='word_1_35' title='bbox 2432 591 2866 681; x_wconf 88' lang='lat' dir='ltr'>consumunt,</span> 
     </span>
     <span class='ocr_line' id='line_1_6' title="bbox 230 666 2863 776; baseline 0.002 -35"><span class='ocrx_word' id='word_1_36' title='bbox 230 695 384 742; x_wconf 89' lang='lat' dir='ltr'>non</span> <span class='ocrx_word' id='word_1_37' title='bbox 420 672 640 752; x_wconf 87' lang='lat' dir='ltr'>secus,</span> <span class='ocrx_word' id='word_1_38' title='bbox 663 690 739 735; x_wconf 93' lang='lat' dir='ltr'>ac</span> <span class='ocrx_word' id='word_1_39' title='bbox 767 691 931 754; x_wconf 82' lang='lat' dir='ltr'>aquae</span> <span class='ocrx_word' id='word_1_40' title='bbox 962 666 1261 749; x_wconf 72' lang='lat' dir='ltr'>corrosiva</span> <span class='ocrx_word' id='word_1_41' title='bbox 1289 672 1551 752; x_wconf 89' lang='lat' dir='ltr'>metalla</span> <span class='ocrx_word' id='word_1_42' title='bbox 1583 677 1945 742; x_wconf 89' lang='lat' dir='ltr'>corrodunt</span> <span class='ocrx_word' id='word_1_43' title='bbox 1975 677 2036 742; x_wconf 87' lang='lat'>&amp;</span> <span class='ocrx_word' id='word_1_44' title='bbox 2067 676 2438 742; x_wconf 85' lang='lat' dir='ltr'>diffolvunt.</span> <span class='ocrx_word' id='word_1_45' title='bbox 2488 677 2674 744; x_wconf 91' lang='lat' dir='ltr'>Talis</span> <span class='ocrx_word' id='word_1_46' title='bbox 2710 697 2863 776; x_wconf 82' lang='lat' dir='ltr'>por-</span> 
     </span>
     <span class='ocr_line' id='line_1_7' title="bbox 226 749 2866 846; baseline 0.001 -22"><span class='ocrx_word' id='word_1_47' title='bbox 226 777 318 824; x_wconf 87' lang='lat' dir='ltr'>ro</span> <span class='ocrx_word' id='word_1_48' title='bbox 330 757 559 840; x_wconf 69' lang='lat' dir='ltr'>saccas</span> <span class='ocrx_word' id='word_1_49' title='bbox 600 751 934 831; x_wconf 83' lang='lat' dir='ltr'>corrosivus</span> <span class='ocrx_word' id='word_1_50' title='bbox 978 749 1318 817; x_wconf 85' lang='lat' dir='ltr'>instillatur</span> <span class='ocrx_word' id='word_1_51' title='bbox 1357 752 1394 819; x_wconf 81' lang='lat' dir='ltr'>a</span> <span class='ocrx_word' id='word_1_52' title='bbox 1416 754 1762 846; x_wconf 74' lang='lat' dir='ltr'>glandulis,</span> <span class='ocrx_word' id='word_1_53' title='bbox 1814 758 2065 841; x_wconf 89' lang='lat' dir='ltr'>quibus·</span> <span class='ocrx_word' id='word_1_54' title='bbox 2090 759 2483 841; x_wconf 79' lang='lat' dir='ltr'>membranosa</span> <span class='ocrx_word' id='word_1_55' title='bbox 2527 762 2866 828; x_wconf 69' lang='lat' dir='ltr'>ventrzculz·</span> 
     </span>
     <span class='ocr_line' id='line_1_8' title="bbox 212 831 2857 933; baseline 0.002 -30"><span class='ocrx_word' id='word_1_56' title='bbox 212 833 580 933; x_wconf 73' lang='lat' dir='ltr'>substantia</span> <span class='ocrx_word' id='word_1_57' title='bbox 610 831 848 899; x_wconf 87' lang='lat' dir='ltr'>infarta</span> <span class='ocrx_word' id='word_1_58' title='bbox 877 832 970 897; x_wconf 87' lang='lat' dir='ltr'>est</span> <span class='ocrx_word' id='word_1_59' title='bbox 1002 881 1024 914; x_wconf 92' lang='lat'><strong>,</strong></span> <span class='ocrx_word' id='word_1_60' title='bbox 1070 848 1142 897; x_wconf 92' lang='lat' dir='ltr'>ut</span> <span class='ocrx_word' id='word_1_61' title='bbox 1172 833 1641 902; x_wconf 79' lang='lat' dir='ltr'>evidentrsfime</span> <span class='ocrx_word' id='word_1_62' title='bbox 1675 834 2016 905; x_wconf 83' lang='lat' dir='ltr'>observavi</span> <span class='ocrx_word' id='word_1_63' title='bbox 2050 842 2113 904; x_wconf 90' lang='lat' dir='ltr'>in</span> <span class='ocrx_word' id='word_1_64' title='bbox 2140 840 2480 906; x_wconf 82' lang='lat' dir='ltr'>ventriculo</span> <span class='ocrx_word' id='word_1_65' title='bbox 2514 840 2857 926; x_wconf 86' lang='lat' dir='ltr'>delphini,</span> 
     </span>
     <span class='ocr_line' id='line_1_9' title="bbox 238 913 2157 1005; baseline 0.001 -19"><span class='ocrx_word' id='word_1_66' title='bbox 238 937 434 1003; x_wconf 74' lang='lat' dir='ltr'>cujus</span> <span class='ocrx_word' id='word_1_67' title='bbox 459 916 757 1005; x_wconf 79' lang='lat' dir='ltr'>glanduloe</span> <span class='ocrx_word' id='word_1_68' title='bbox 788 914 1142 981; x_wconf 85' lang='lat' dir='ltr'>admodum</span> <span class='ocrx_word' id='word_1_69' title='bbox 1178 913 1396 979; x_wconf 82' lang='lat' dir='ltr'>craffae</span> <span class='ocrx_word' id='word_1_70' title='bbox 1428 915 1491 980; x_wconf 90' lang='lat'>&amp;</span> <span class='ocrx_word' id='word_1_71' title='bbox 1517 920 1966 1000; x_wconf 85' lang='lat' dir='ltr'>prominentes</span> <span class='ocrx_word' id='word_1_72' title='bbox 1993 916 2157 986; x_wconf 88' lang='lat' dir='ltr'>sunt.</span> 
     </span>
    </p>
   </div>
   <div class='ocr_carea' id='block_1_3' title="bbox 802 1104 2296 1227">
    <p class='ocr_par' dir='ltr' id='par_1_4' title="bbox 802 1104 2296 1227">
     <span class='ocr_line' id='line_1_10' title="bbox 802 1104 2296 1227; baseline 0.005 -31"><span class='ocrx_word' id='word_1_73' title='bbox 802 1104 1863 1227; x_wconf 66' lang='lat' dir='ltr'>Paopos17rro</span> <span class='ocrx_word' id='word_1_74' title='bbox 1977 1111 2296 1207; x_wconf 91' lang='lat' dir='ltr'>CXC.</span> 
     </span>
    </p>
   </div>
   <div class='ocr_carea' id='block_1_4' title="bbox 442 1330 2627 1567">
    <p class='ocr_par' dir='ltr' id='par_1_5' title="bbox 442 1330 2627 1567">
     <span class='ocr_line' id='line_1_11' title="bbox 442 1330 2627 1472; baseline 0.002 -46"><span class='ocrx_word' id='word_1_75' title='bbox 442 1330 931 1436; x_wconf 87' lang='lat' dir='ltr'>Ventriculi</span> <span class='ocrx_word' id='word_1_76' title='bbox 975 1333 1294 1426; x_wconf 86' lang='lat' dir='ltr'>carnofi</span> <span class='ocrx_word' id='word_1_77' title='bbox 1342 1342 1612 1472; x_wconf 73' lang='lat' dir='ltr'>avium</span> <span class='ocrx_word' id='word_1_78' title='bbox 1637 1333 2070 1449; x_wconf 66' lang='lat' dir='ltr'>strullura</span> <span class='ocrx_word' id='word_1_79' title='bbox 2118 1339 2232 1449; x_wconf 68' lang='lat'>&amp;⁹</span> <span class='ocrx_word' id='word_1_80' title='bbox 2277 1347 2627 1456; x_wconf 82' lang='lat' dir='ltr'>operatio</span> 
     </span>
     <span class='ocr_line' id='line_1_12' title="bbox 1302 1468 1746 1567; baseline 0 -28"><span class='ocrx_word' id='word_1_81' title='bbox 1302 1468 1746 1567; x_wconf 85' lang='lat' dir='ltr'>expomtur.</span> 
     </span>
    </p>
   </div>
   <div class='ocr_carea' id='block_1_5' title="bbox 208 1673 2932 3957">
    <p class='ocr_par' dir='ltr' id='par_1_6' title="bbox 219 1673 2841 2493">
     <span class='ocr_line' id='line_1_13' title="bbox 309 1673 2836 1762; baseline -0 -18"><span class='ocrx_word' id='word_1_82' title='bbox 309 1673 440 1744; x_wconf 78' lang='lat' dir='ltr'>Mu</span> <span class='ocrx_word' id='word_1_83' title='bbox 466 1674 591 1740; x_wconf 83' lang='lat' dir='ltr'>culi</span> <span class='ocrx_word' id='word_1_84' title='bbox 616 1674 946 1741; x_wconf 76' lang='lat' dir='ltr'>ventriculi</span> <span class='ocrx_word' id='word_1_85' title='bbox 974 1673 1189 1740; x_wconf 88' lang='lat' dir='ltr'>avium</span> <span class='ocrx_word' id='word_1_86' title='bbox 1218 1673 1637 1741; x_wconf 84' lang='lat' dir='ltr'>affimilantur</span> <span class='ocrx_word' id='word_1_87' title='bbox 1665 1674 2153 1761; x_wconf 86' lang='lat' dir='ltr'>quodammodo</span> <span class='ocrx_word' id='word_1_88' title='bbox 2185 1679 2387 1757; x_wconf 78' lang='lat' dir='ltr'>cordi,</span> <span class='ocrx_word' id='word_1_89' title='bbox 2434 1677 2580 1762; x_wconf 88' lang='lat' dir='ltr'>quia</span> <span class='ocrx_word' id='word_1_90' title='bbox 2610 1676 2836 1744; x_wconf 89' lang='lat' dir='ltr'>ambo-</span> 
     </span>
     <span class='ocr_line' id='line_1_14' title="bbox 222 1756 2836 1843; baseline 0 -18"><span class='ocrx_word' id='word_1_91' title='bbox 222 1777 377 1826; x_wconf 84' lang='lat' dir='ltr'>rum</span> <span class='ocrx_word' id='word_1_92' title='bbox 517 1780 562 1822; x_wconf 86' lang='lat' dir='ltr'><em>oe</em></span> <span class='ocrx_word' id='word_1_93' title='bbox 597 1758 662 1822; x_wconf 92' lang='lat' dir='ltr'>in</span> <span class='ocrx_word' id='word_1_94' title='bbox 693 1757 925 1822; x_wconf 89' lang='lat' dir='ltr'>orbem</span> <span class='ocrx_word' id='word_1_95' title='bbox 970 1756 1579 1838; x_wconf 76' lang='lat' dir='ltr'>circumducuntur,</span> <span class='ocrx_word' id='word_1_96' title='bbox 1611 1759 1671 1823; x_wconf 70' lang='grc' dir='ltr'>ὃς</span> <span class='ocrx_word' id='word_1_97' title='bbox 1703 1758 1812 1823; x_wconf 89' lang='lat' dir='ltr'>sua</span> <span class='ocrx_word' id='word_1_98' title='bbox 1847 1759 2296 1825; x_wconf 52' lang='lat' dir='ltr'>contractione</span> <span class='ocrx_word' id='word_1_99' title='bbox 2325 1765 2655 1823; x_wconf 81' lang='lat' dir='ltr'>cavitatem</span> <span class='ocrx_word' id='word_1_100' title='bbox 2684 1777 2836 1843; x_wconf 73' lang='lat' dir='ltr'>pro·-</span> 
     </span>
     <span class='ocr_line' id='line_1_15' title="bbox 219 1836 2838 1925; baseline 0 -20"><span class='ocrx_word' id='word_1_101' title='bbox 219 1841 434 1925; x_wconf 87' lang='lat' dir='ltr'>priam</span> <span class='ocrx_word' id='word_1_102' title='bbox 466 1837 914 1923; x_wconf 82' lang='lat' dir='ltr'>constringunt</span> <span class='ocrx_word' id='word_1_103' title='bbox 944 1838 1006 1903; x_wconf 72' lang='grc' dir='ltr'>ὀί</span> <span class='ocrx_word' id='word_1_104' title='bbox 1045 1836 1415 1919; x_wconf 70' lang='lat' dir='ltr'>coarftant3</span> <span class='ocrx_word' id='word_1_105' title='bbox 1459 1854 1526 1904; x_wconf 92' lang='lat' dir='ltr'>at</span> <span class='ocrx_word' id='word_1_106' title='bbox 1570 1838 1886 1906; x_wconf 83' lang='lat' dir='ltr'>differunt</span> <span class='ocrx_word' id='word_1_107' title='bbox 1948 1841 2119 1905; x_wconf 90' lang='lat' dir='ltr'>inter</span> <span class='ocrx_word' id='word_1_108' title='bbox 2150 1837 2215 1904; x_wconf 92' lang='lat' dir='ltr'>se</span> <span class='ocrx_word' id='word_1_109' title='bbox 2340 1856 2658 1924; x_wconf 89' lang='lat' dir='ltr'>quatenus</span> <span class='ocrx_word' id='word_1_110' title='bbox 2701 1859 2838 1906; x_wconf 78' lang='lat' dir='ltr'>non</span> 
     </span>
     <span class='ocr_line' id='line_1_16' title="bbox 221 1888 2841 2007; baseline 0 -21"><span class='ocrx_word' id='word_1_111' title='bbox 221 1940 459 1987; x_wconf 89' lang='lat' dir='ltr'>omnes</span> <span class='ocrx_word' id='word_1_112' title='bbox 477 1918 647 2002; x_wconf 82' lang='lat' dir='ltr'>fibroe</span> <span class='ocrx_word' id='word_1_113' title='bbox 689 1920 1018 1984; x_wconf 83' lang='lat' dir='ltr'>ventriculi</span> <span class='ocrx_word' id='word_1_114' title='bbox 1064 1918 1243 1984; x_wconf 88' lang='lat' dir='ltr'>fimul</span> <span class='ocrx_word' id='word_1_115' title='bbox 1293 1937 1528 2004; x_wconf 86' lang='lat' dir='ltr'>agunt,</span> <span class='ocrx_word' id='word_1_116' title='bbox 1573 1917 1681 1987; x_wconf 90' lang='lat' dir='ltr'>sed</span> <span class='ocrx_word' id='word_1_117' title='bbox 1726 1941 1847 2007; x_wconf 90' lang='lat' dir='ltr'>per</span> <span class='ocrx_word' id='word_1_118' title='bbox 1888 1923 2105 2002; x_wconf 89' lang='lat' dir='ltr'>vices,</span> <span class='ocrx_word' id='word_1_119' title='bbox 2153 1922 2215 1987; x_wconf 73' lang='grc' dir='ltr'>δε</span> <span class='ocrx_word' id='word_1_120' title='bbox 2255 1888 2388 1988; x_wconf 78' lang='lat' dir='ltr'>boc</span> <span class='ocrx_word' id='word_1_121' title='bbox 2433 1923 2706 1987; x_wconf 88' lang='lat' dir='ltr'>nomine</span> <span class='ocrx_word' id='word_1_122' title='bbox 2752 1939 2841 1986; x_wconf 80' lang='lat' dir='ltr'>ex</span> 
     </span>
     <span class='ocr_line' id='line_1_17' title="bbox 219 1997 2835 2148; baseline -0.001 -80"><span class='ocrx_word' id='word_1_123' title='bbox 219 2004 519 2148; x_wconf 63' lang='lat' dir='ltr'>gluribus</span> <span class='ocrx_word' id='word_1_124' title='bbox 548 2001 825 2076; x_wconf 71' lang='lat' dir='ltr'>muli-ulis</span> <span class='ocrx_word' id='word_1_125' title='bbox 871 1997 1167 2065; x_wconf 88' lang='lat' dir='ltr'>constare</span> <span class='ocrx_word' id='word_1_126' title='bbox 1221 2001 1564 2068; x_wconf 87' lang='lat' dir='ltr'>videntur:</span> <span class='ocrx_word' id='word_1_127' title='bbox 1615 2022 1888 2087; x_wconf 88' lang='lat' dir='ltr'>quorum</span> <span class='ocrx_word' id='word_1_128' title='bbox 1937 2004 2263 2087; x_wconf 69' lang='lat' dir='ltr'>praecipue</span> <span class='ocrx_word' id='word_1_129' title='bbox 2309 2019 2589 2088; x_wconf 90' lang='lat' dir='ltr'>quatuor</span> <span class='ocrx_word' id='word_1_130' title='bbox 2637 1999 2782 2066; x_wconf 92' lang='lat' dir='ltr'>sunt</span> <span class='ocrx_word' id='word_1_131' title='bbox 2810 2048 2835 2083; x_wconf 88' lang='lat'>‚</span> 
     </span>
     <span class='ocr_line' id='line_1_18' title="bbox 278 2079 2837 2169; baseline 0.001 -21"><span class='ocrx_word' id='word_1_132' title='bbox 278 2084 367 2148; x_wconf 89' lang='lat' dir='ltr'>ini</span> <span class='ocrx_word' id='word_1_133' title='bbox 424 2086 489 2148; x_wconf 90' lang='lat' dir='ltr'>in</span> <span class='ocrx_word' id='word_1_134' title='bbox 569 2083 815 2147; x_wconf 87' lang='lat' dir='ltr'>ualibet</span> <span class='ocrx_word' id='word_1_135' title='bbox 856 2079 1029 2146; x_wconf 88' lang='lat' dir='ltr'>facie</span> <span class='ocrx_word' id='word_1_136' title='bbox 1073 2085 1313 2147; x_wconf 75' lang='lat' dir='ltr'>tendine</span> <span class='ocrx_word' id='word_1_137' title='bbox 1362 2083 1745 2148; x_wconf 75' lang='lat' dir='ltr'>validissimo</span> <span class='ocrx_word' id='word_1_138' title='bbox 1788 2086 2077 2169; x_wconf 80' lang='lat' dir='ltr'>colligati</span> <span class='ocrx_word' id='word_1_139' title='bbox 2112 2132 2134 2165; x_wconf 92' lang='lat'>,</span> <span class='ocrx_word' id='word_1_140' title='bbox 2177 2087 2237 2151; x_wconf 74' lang='grc' dir='ltr'>ὅ(</span> <span class='ocrx_word' id='word_1_141' title='bbox 2284 2085 2558 2168; x_wconf 87' lang='lat' dir='ltr'>quilibet</span> <span class='ocrx_word' id='word_1_142' title='bbox 2603 2102 2837 2150; x_wconf 89' lang='lat' dir='ltr'>eorum</span> 
     </span>
     <span class='ocr_line' id='line_1_19' title="bbox 224 2159 2838 2248; baseline -0 -19"><span class='ocrx_word' id='word_1_143' title='bbox 224 2161 466 2248; x_wconf 83' lang='lat' dir='ltr'>spargit</span> <span class='ocrx_word' id='word_1_144' title='bbox 481 2162 535 2243; x_wconf 91' lang='lat' dir='ltr'><strong><em>fi</em></strong></span> <span class='ocrx_word' id='word_1_145' title='bbox 573 2184 678 2227; x_wconf 83' lang='lat' dir='ltr'>ras</span> <span class='ocrx_word' id='word_1_146' title='bbox 709 2163 982 2246; x_wconf 76' lang='lat' dir='ltr'>caranas</span> <span class='ocrx_word' id='word_1_147' title='bbox 1009 2162 1321 2246; x_wconf 83' lang='lat' dir='ltr'>sphaerice</span> <span class='ocrx_word' id='word_1_148' title='bbox 1352 2164 1433 2229; x_wconf 91' lang='lat' dir='ltr'>ad</span> <span class='ocrx_word' id='word_1_149' title='bbox 1477 2163 1668 2229; x_wconf 88' lang='lat' dir='ltr'>instar</span> <span class='ocrx_word' id='word_1_150' title='bbox 1713 2167 2059 2230; x_wconf 86' lang='lat' dir='ltr'>radiorum.</span> <span class='ocrx_word' id='word_1_151' title='bbox 2152 2165 2394 2230; x_wconf 84' lang='lat' dir='ltr'>Praeter</span> <span class='ocrx_word' id='word_1_152' title='bbox 2441 2166 2561 2231; x_wconf 89' lang='lat' dir='ltr'>hos</span> <span class='ocrx_word' id='word_1_153' title='bbox 2608 2159 2838 2228; x_wconf 84' lang='lat' dir='ltr'>adsunt</span> 
     </span>
     <span class='ocr_line' id='line_1_20' title="bbox 229 2242 2834 2331; baseline -0 -21"><span class='ocrx_word' id='word_1_154' title='bbox 229 2246 342 2311; x_wconf 83' lang='lat' dir='ltr'>alii</span> <span class='ocrx_word' id='word_1_155' title='bbox 373 2245 617 2331; x_wconf 79' lang='lat' dir='ltr'>musculi</span> <span class='ocrx_word' id='word_1_156' title='bbox 646 2243 1073 2328; x_wconf 74' lang='lat' dir='ltr'>transversales</span> <span class='ocrx_word' id='word_1_157' title='bbox 1107 2265 1123 2281; x_wconf 93' lang='lat'><strong>·</strong></span> <span class='ocrx_word' id='word_1_158' title='bbox 1171 2264 1397 2312; x_wconf 88' lang='lat' dir='ltr'>omnes</span> <span class='ocrx_word' id='word_1_159' title='bbox 1445 2260 1664 2311; x_wconf 89' lang='lat' dir='ltr'>tamen</span> <span class='ocrx_word' id='word_1_160' title='bbox 1708 2245 2003 2311; x_wconf 88' lang='lat' dir='ltr'>constare</span> <span class='ocrx_word' id='word_1_161' title='bbox 2049 2247 2353 2311; x_wconf 88' lang='lat' dir='ltr'>videntur</span> <span class='ocrx_word' id='word_1_162' title='bbox 2381 2265 2464 2310; x_wconf 85' lang='lat' dir='ltr'>ex</span> <span class='ocrx_word' id='word_1_163' title='bbox 2512 2245 2717 2311; x_wconf 86' lang='lat' dir='ltr'>stratis</span> <span class='ocrx_word' id='word_1_164' title='bbox 2749 2242 2834 2326; x_wconf 89' lang='lat' dir='ltr'>fi·</span> 
     </span>
     <span class='ocr_line' id='line_1_21' title="bbox 225 2294 2833 2412; baseline 0 -21"><span class='ocrx_word' id='word_1_165' title='bbox 225 2329 473 2391; x_wconf 68' lang='lat' dir='ltr'>brarzem</span> <span class='ocrx_word' id='word_1_166' title='bbox 499 2374 519 2406; x_wconf 94' lang='lat'><strong>,</strong></span> <span class='ocrx_word' id='word_1_167' title='bbox 564 2346 704 2410; x_wconf 81' lang='lat' dir='ltr'>qua:</span> <span class='ocrx_word' id='word_1_168' title='bbox 750 2328 831 2391; x_wconf 91' lang='lat' dir='ltr'>ab</span> <span class='ocrx_word' id='word_1_169' title='bbox 879 2294 1171 2410; x_wconf 74' lang='lat' dir='ltr'>expansis</span> <span class='ocrx_word' id='word_1_170' title='bbox 1215 2331 1566 2393; x_wconf 82' lang='lat' dir='ltr'>membranis</span> <span class='ocrx_word' id='word_1_171' title='bbox 1612 2328 2123 2412; x_wconf 87' lang='lat' dir='ltr'>intercipiuntur</span> <span class='ocrx_word' id='word_1_172' title='bbox 2162 2329 2225 2393; x_wconf 76' lang='grc' dir='ltr'>ὅτ.</span> <span class='ocrx_word' id='word_1_173' title='bbox 2268 2325 2645 2410; x_wconf 84' lang='lat' dir='ltr'>separantur</span> <span class='ocrx_word' id='word_1_174' title='bbox 2674 2371 2700 2407; x_wconf 92' lang='lat'>,</span> <span class='ocrx_word' id='word_1_175' title='bbox 2756 2339 2833 2391; x_wconf 87' lang='lat' dir='ltr'>ut</span> 
     </span>
     <span class='ocr_line' id='line_1_22' title="bbox 222 2404 2652 2493; baseline 0 -19"><span class='ocrx_word' id='word_1_176' title='bbox 222 2409 403 2475; x_wconf 87' lang='lat' dir='ltr'>clare</span> <span class='ocrx_word' id='word_1_177' title='bbox 429 2404 806 2474; x_wconf 85' lang='lat' dir='ltr'>observatur</span> <span class='ocrx_word' id='word_1_178' title='bbox 840 2410 907 2474; x_wconf 89' lang='lat' dir='ltr'>in</span> <span class='ocrx_word' id='word_1_179' title='bbox 941 2407 1120 2472; x_wconf 88' lang='lat' dir='ltr'>vasto</span> <span class='ocrx_word' id='word_1_180' title='bbox 1151 2409 1488 2474; x_wconf 78' lang='lat' dir='ltr'>ventriculo</span> <span class='ocrx_word' id='word_1_181' title='bbox 1530 2410 1774 2493; x_wconf 59' lang='lat' dir='ltr'>cygni„</span> <span class='ocrx_word' id='word_1_182' title='bbox 2647 2452 2652 2457; x_wconf 93' lang='lat'><em>-</em></span> 
     </span>
    </p>

    <p class='ocr_par' dir='ltr' id='par_1_7' title="bbox 305 2486 2604 2637">
     <span class='ocr_line' id='line_1_23' title="bbox 305 2486 2604 2637; baseline 0 -82"><span class='ocrx_word' id='word_1_183' title='bbox 305 2489 493 2555; x_wconf 92' lang='lat' dir='ltr'>Ordo</span> <span class='ocrx_word' id='word_1_184' title='bbox 524 2491 584 2556; x_wconf 75' lang='grc' dir='ltr'>δι</span> <span class='ocrx_word' id='word_1_185' title='bbox 613 2491 847 2555; x_wconf 84' lang='lat' dir='ltr'>modus</span> <span class='ocrx_word' id='word_1_186' title='bbox 878 2490 1110 2585; x_wconf 77' lang='lat' dir='ltr'>agendi</span> <span class='ocrx_word' id='word_1_187' title='bbox 1144 2490 1291 2555; x_wconf 85' lang='lat' dir='ltr'>talis</span> <span class='ocrx_word' id='word_1_188' title='bbox 1324 2490 1415 2555; x_wconf 91' lang='lat' dir='ltr'>est</span> <span class='ocrx_word' id='word_1_189' title='bbox 1448 2491 1729 2556; x_wconf 85' lang='lat' dir='ltr'>videtur.</span> <span class='ocrx_word' id='word_1_190' title='bbox 1776 2489 1983 2557; x_wconf 84' lang='lat' dir='ltr'><strong>TAB.</strong></span> <span class='ocrx_word' id='word_1_191' title='bbox 2030 2487 2275 2556; x_wconf 90' lang='lat' dir='ltr'><strong>XVIII.</strong></span> <span class='ocrx_word' id='word_1_192' title='bbox 2323 2486 2459 2637; x_wconf 45' lang='grc' dir='ltr'>ξιξ.</span> <span class='ocrx_word' id='word_1_193' title='bbox 2505 2506 2604 2573; x_wconf 86' lang='lat'>15.</span> 
     </span>
    </p>

    <p class='ocr_par' dir='ltr' id='par_1_8' title="bbox 215 2568 2932 2897">
     <span class='ocr_line' id='line_1_24' title="bbox 304 2568 2710 2656; baseline -0.001 -20"><span class='ocrx_word' id='word_1_194' title='bbox 304 2570 376 2637; x_wconf 90' lang='lat' dir='ltr'>In</span> <span class='ocrx_word' id='word_1_195' title='bbox 408 2568 695 2637; x_wconf 63' lang='lat' dir='ltr'>sectione</span> <span class='ocrx_word' id='word_1_196' title='bbox 735 2572 1065 2635; x_wconf 68' lang='lat' dir='ltr'>ventriculi</span> <span class='ocrx_word' id='word_1_197' title='bbox 1113 2571 1240 2637; x_wconf 90' lang='lat' dir='ltr'>AB</span> <span class='ocrx_word' id='word_1_198' title='bbox 1264 2572 1434 2651; x_wconf 88' lang='lat' dir='ltr'>DE,</span> <span class='ocrx_word' id='word_1_199' title='bbox 1480 2570 1647 2637; x_wconf 63' lang='lat' dir='ltr'>facta</span> <span class='ocrx_word' id='word_1_200' title='bbox 1676 2592 1798 2656; x_wconf 88' lang='lat' dir='ltr'>per</span> <span class='ocrx_word' id='word_1_201' title='bbox 1839 2572 2228 2645; x_wconf 63' lang='lat' dir='ltr'>directiones</span> <span class='ocrx_word' id='word_1_202' title='bbox 2275 2583 2331 2638; x_wconf 82' lang='lat' dir='ltr'>te</span> <span class='ocrx_word' id='word_1_203' title='bbox 2414 2575 2585 2637; x_wconf 85' lang='lat' dir='ltr'>inum</span> <span class='ocrx_word' id='word_1_204' title='bbox 2621 2587 2710 2654; x_wconf 92' lang='lat' dir='ltr'>op</span> 
     </span>
     <span class='ocr_line' id='line_1_25' title="bbox 221 2650 2932 2738; baseline -0.002 -18"><span class='ocrx_word' id='word_1_205' title='bbox 221 2652 485 2720; x_wconf 85' lang='lat' dir='ltr'>fitorum</span> <span class='ocrx_word' id='word_1_206' title='bbox 534 2652 657 2716; x_wconf 82' lang='lat' dir='ltr'>AF</span> <span class='ocrx_word' id='word_1_207' title='bbox 703 2653 765 2718; x_wconf 72' lang='grc' dir='ltr'>ὀί</span> <span class='ocrx_word' id='word_1_208' title='bbox 811 2650 1475 2738; x_wconf 87' lang='lat' dir='ltr'>CD,·intelligantur</span> <span class='ocrx_word' id='word_1_209' title='bbox 1504 2655 1745 2719; x_wconf 87' lang='lat' dir='ltr'>eodem</span> <span class='ocrx_word' id='word_1_210' title='bbox 1785 2670 2087 2738; x_wconf 86' lang='lat' dir='ltr'>ternpore</span> <span class='ocrx_word' id='word_1_211' title='bbox 2131 2652 2317 2720; x_wconf 86' lang='lat' dir='ltr'>fimul</span> <span class='ocrx_word' id='word_1_212' title='bbox 2349 2652 2647 2723; x_wconf 86' lang='lat' dir='ltr'>contrahi</span> <span class='ocrx_word' id='word_1_213' title='bbox 2740 2670 2831 2717; x_wconf 88' lang='lat' dir='ltr'>uo</span> <span class='ocrx_word' id='word_1_214' title='bbox 2927 2714 2932 2715; x_wconf 18' lang='lat' dir='ltr'><em>ff</em></span> 
     </span>
     <span class='ocr_line' id='line_1_26' title="bbox 215 2732 2831 2814; baseline -0.001 -14"><span class='ocrx_word' id='word_1_215' title='bbox 215 2735 470 2808; x_wconf 76' lang='lat' dir='ltr'>mul&#39;culi</span> <span class='ocrx_word' id='word_1_216' title='bbox 516 2733 641 2798; x_wconf 90' lang='lat' dir='ltr'>AB</span> <span class='ocrx_word' id='word_1_217' title='bbox 684 2734 747 2800; x_wconf 70' lang='grc' dir='ltr'>ἃ,</span> <span class='ocrx_word' id='word_1_218' title='bbox 788 2732 925 2798; x_wconf 86' lang='grc' dir='ltr'>Ι)Ε</span> <span class='ocrx_word' id='word_1_219' title='bbox 967 2751 1195 2800; x_wconf 89' lang='lat' dir='ltr'>contra</span> <span class='ocrx_word' id='word_1_220' title='bbox 1224 2744 1231 2749; x_wconf 89' lang='grc'><em>“</em></span> <span class='ocrx_word' id='word_1_221' title='bbox 1264 2733 1422 2814; x_wconf 87' lang='lat' dir='ltr'>›fiti‚</span> <span class='ocrx_word' id='word_1_222' title='bbox 1470 2736 1954 2801; x_wconf 78' lang='lat' dir='ltr'>remanentibus</span> <span class='ocrx_word' id='word_1_223' title='bbox 2004 2736 2145 2800; x_wconf 81' lang='lat' dir='ltr'>aliis</span> <span class='ocrx_word' id='word_1_224' title='bbox 2188 2736 2445 2800; x_wconf 87' lang='lat' dir='ltr'>duobus</span> <span class='ocrx_word' id='word_1_225' title='bbox 2485 2732 2541 2800; x_wconf 67' lang='lat' dir='ltr'><strong>F</strong></span> <span class='ocrx_word' id='word_1_226' title='bbox 2562 2734 2653 2813; x_wconf 88' lang='lat' dir='ltr'>E,</span> <span class='ocrx_word' id='word_1_227' title='bbox 2702 2732 2831 2797; x_wconf 89' lang='lat' dir='ltr'>CB</span> 
     </span>
     <span class='ocr_line' id='line_1_27' title="bbox 216 2814 2828 2897; baseline -0.001 -17"><span class='ocrx_word' id='word_1_228' title='bbox 216 2815 571 2891; x_wconf 74' lang='lat' dir='ltr'>relaxatiS,</span> <span class='ocrx_word' id='word_1_229' title='bbox 620 2830 778 2879; x_wconf 89' lang='lat' dir='ltr'>tunc</span> <span class='ocrx_word' id='word_1_230' title='bbox 821 2814 1080 2879; x_wconf 75' lang='lat' dir='ltr'>necess&#39;e</span> <span class='ocrx_word' id='word_1_231' title='bbox 1131 2819 1189 2880; x_wconf 73' lang='lat' dir='ltr'>ei</span> <span class='ocrx_word' id='word_1_232' title='bbox 1251 2865 1271 2897; x_wconf 87' lang='lat'>‚</span> <span class='ocrx_word' id='word_1_233' title='bbox 1329 2832 1401 2881; x_wconf 93' lang='lat' dir='ltr'>ut</span> <span class='ocrx_word' id='word_1_234' title='bbox 1447 2817 1782 2882; x_wconf 86' lang='lat' dir='ltr'>connexio</span> <span class='ocrx_word' id='word_1_235' title='bbox 1829 2817 1884 2881; x_wconf 89' lang='lat' dir='ltr'>E</span> <span class='ocrx_word' id='word_1_236' title='bbox 1932 2818 2201 2882; x_wconf 84' lang='lat' dir='ltr'>immota</span> <span class='ocrx_word' id='word_1_237' title='bbox 2334 2829 2625 2881; x_wconf 87' lang='lat' dir='ltr'>rmaneat</span> <span class='ocrx_word' id='word_1_238' title='bbox 2656 2862 2678 2894; x_wconf 92' lang='lat'>,</span> <span class='ocrx_word' id='word_1_239' title='bbox 2740 2832 2828 2877; x_wconf 89' lang='lat' dir='ltr'>eo</span> 
     </span>
    </p>

    <p class='ocr_par' dir='ltr' id='par_1_9' title="bbox 267 2894 2826 2995">
     <span class='ocr_line' id='line_1_28' title="bbox 267 2894 2826 2995; baseline -0.001 -34"><span class='ocrx_word' id='word_1_240' title='bbox 267 2897 399 2961; x_wconf 91' lang='lat' dir='ltr'>uod</span> <span class='ocrx_word' id='word_1_241' title='bbox 429 2897 507 2961; x_wconf 90' lang='lat' dir='ltr'>ad</span> <span class='ocrx_word' id='word_1_242' title='bbox 539 2913 756 2979; x_wconf 87' lang='lat' dir='ltr'>partes</span> <span class='ocrx_word' id='word_1_243' title='bbox 786 2894 1114 2995; x_wconf 78' lang='lat' dir='ltr'>oppositas</span> <span class='ocrx_word' id='word_1_244' title='bbox 1144 2898 1510 2963; x_wconf 86' lang='lat' dir='ltr'>distrahitur</span> <span class='ocrx_word' id='word_1_245' title='bbox 1540 2945 1561 2979; x_wconf 94' lang='lat'>‚</span> <span class='ocrx_word' id='word_1_246' title='bbox 1606 2916 1847 2982; x_wconf 81' lang='lat' dir='ltr'>nempe</span> <span class='ocrx_word' id='word_1_247' title='bbox 1877 2899 1957 2963; x_wconf 94' lang='lat' dir='ltr'>ab</span> <span class='ocrx_word' id='word_1_248' title='bbox 2007 2898 2061 2963; x_wconf 86' lang='lat' dir='ltr'>E</span> <span class='ocrx_word' id='word_1_249' title='bbox 2105 2917 2223 2965; x_wconf 89' lang='lat' dir='ltr'>ver</span> <span class='ocrx_word' id='word_1_250' title='bbox 2254 2917 2329 2962; x_wconf 90' lang='lat' dir='ltr'>us</span> <span class='ocrx_word' id='word_1_251' title='bbox 2377 2897 2440 2962; x_wconf 93' lang='lat' dir='ltr'>D</span> <span class='ocrx_word' id='word_1_252' title='bbox 2482 2898 2518 2962; x_wconf 78' lang='lat' dir='ltr'>a</span> <span class='ocrx_word' id='word_1_253' title='bbox 2565 2911 2826 2961; x_wconf 87' lang='lat' dir='ltr'>contra·</span> 
     </span>
    </p>

    <p class='ocr_par' dir='ltr' id='par_1_10' title="bbox 208 2975 2829 3957">
     <span class='ocr_line' id='line_1_29' title="bbox 284 2975 2827 3074; baseline -0.001 -31"><span class='ocrx_word' id='word_1_254' title='bbox 284 2979 438 3043; x_wconf 90' lang='lat' dir='ltr'>ione</span> <span class='ocrx_word' id='word_1_255' title='bbox 480 2978 726 3061; x_wconf 82' lang='lat' dir='ltr'>musculi</span> <span class='ocrx_word' id='word_1_256' title='bbox 772 2977 948 3056; x_wconf 75' lang='lat' dir='ltr'>DE,</span> <span class='ocrx_word' id='word_1_257' title='bbox 994 2979 1058 3043; x_wconf 74' lang='grc' dir='ltr'>δι</span> <span class='ocrx_word' id='word_1_258' title='bbox 1087 2979 1166 3044; x_wconf 91' lang='lat' dir='ltr'>ab</span> <span class='ocrx_word' id='word_1_259' title='bbox 1212 2980 1269 3045; x_wconf 85' lang='lat' dir='ltr'>E</span> <span class='ocrx_word' id='word_1_260' title='bbox 1314 2975 1531 3045; x_wconf 89' lang='lat' dir='ltr'>versus</span> <span class='ocrx_word' id='word_1_261' title='bbox 1578 2980 1631 3045; x_wconf 90' lang='lat' dir='ltr'><strong>A</strong></span> <span class='ocrx_word' id='word_1_262' title='bbox 1678 2980 1716 3047; x_wconf 79' lang='lat' dir='ltr'>a</span> <span class='ocrx_word' id='word_1_263' title='bbox 1747 2979 2194 3045; x_wconf 62' lang='lat' dir='ltr'>contractione</span> <span class='ocrx_word' id='word_1_264' title='bbox 2225 2978 2471 3074; x_wconf 78' lang='lat' dir='ltr'>musculi</span> <span class='ocrx_word' id='word_1_265' title='bbox 2506 2979 2673 3056; x_wconf 81' lang='lat' dir='ltr'>BA3</span> <span class='ocrx_word' id='word_1_266' title='bbox 2720 2995 2827 3040; x_wconf 87' lang='lat' dir='ltr'>ea·</span> 
     </span>
     <span class='ocr_line' id='line_1_30' title="bbox 213 3056 2823 3144; baseline -0 -20"><span class='ocrx_word' id='word_1_267' title='bbox 213 3061 366 3125; x_wconf 86' lang='lat' dir='ltr'>dem</span> <span class='ocrx_word' id='word_1_268' title='bbox 412 3061 664 3124; x_wconf 90' lang='lat' dir='ltr'>ratione</span> <span class='ocrx_word' id='word_1_269' title='bbox 707 3060 1037 3124; x_wconf 82' lang='lat' dir='ltr'>connexio</span> <span class='ocrx_word' id='word_1_270' title='bbox 1090 3061 1135 3124; x_wconf 86' lang='lat' dir='ltr'>B</span> <span class='ocrx_word' id='word_1_271' title='bbox 1179 3062 1244 3126; x_wconf 86' lang='lat' dir='ltr'>in</span> <span class='ocrx_word' id='word_1_272' title='bbox 1277 3064 1513 3127; x_wconf 89' lang='lat' dir='ltr'>eodem</span> <span class='ocrx_word' id='word_1_273' title='bbox 1544 3059 1663 3127; x_wconf 82' lang='lat' dir='ltr'>fitu</span> <span class='ocrx_word' id='word_1_274' title='bbox 1709 3059 2007 3144; x_wconf 75' lang='lat' dir='ltr'>persistit.</span> <span class='ocrx_word' id='word_1_275' title='bbox 2098 3062 2187 3127; x_wconf 89' lang='lat' dir='ltr'>At</span> <span class='ocrx_word' id='word_1_276' title='bbox 2222 3080 2370 3144; x_wconf 80' lang='lat' dir='ltr'>quia</span> <span class='ocrx_word' id='word_1_277' title='bbox 2404 3060 2712 3125; x_wconf 85' lang='lat' dir='ltr'>terminus</span> <span class='ocrx_word' id='word_1_278' title='bbox 2763 3056 2823 3123; x_wconf 85' lang='lat' dir='ltr'><strong>A</strong></span> 
     </span>
     <span class='ocr_line' id='line_1_31' title="bbox 215 3137 2826 3225; baseline -0 -20"><span class='ocrx_word' id='word_1_279' title='bbox 215 3141 491 3205; x_wconf 83' lang='lat' dir='ltr'>trahitur</span> <span class='ocrx_word' id='word_1_280' title='bbox 516 3137 734 3205; x_wconf 83' lang='lat' dir='ltr'>versus</span> <span class='ocrx_word' id='word_1_281' title='bbox 779 3140 832 3205; x_wconf 93' lang='lat' dir='ltr'><strong>B</strong></span> <span class='ocrx_word' id='word_1_282' title='bbox 879 3141 967 3205; x_wconf 93' lang='lat' dir='ltr'>ob</span> <span class='ocrx_word' id='word_1_283' title='bbox 996 3141 1519 3208; x_wconf 88' lang='lat' dir='ltr'>decurtationem</span> <span class='ocrx_word' id='word_1_284' title='bbox 1552 3142 1802 3223; x_wconf 75' lang='lat' dir='ltr'>musculi</span> <span class='ocrx_word' id='word_1_285' title='bbox 1850 3143 1904 3208; x_wconf 88' lang='lat' dir='ltr'><strong>A</strong></span> <span class='ocrx_word' id='word_1_286' title='bbox 1933 3144 1976 3206; x_wconf 78' lang='grc' dir='ltr'>Β</span> <span class='ocrx_word' id='word_1_287' title='bbox 2008 3189 2029 3221; x_wconf 86' lang='grc'><em>,</em></span> <span class='ocrx_word' id='word_1_288' title='bbox 2080 3161 2242 3225; x_wconf 88' lang='lat' dir='ltr'>ergo</span> <span class='ocrx_word' id='word_1_289' title='bbox 2263 3144 2459 3221; x_wconf 85' lang='lat' dir='ltr'>facies</span> <span class='ocrx_word' id='word_1_290' title='bbox 2501 3138 2826 3225; x_wconf 83' lang='lat' dir='ltr'>musculosa</span> 
     </span>
     <span class='ocr_line' id='line_1_32' title="bbox 215 3221 2826 3307; baseline -0 -20"><span class='ocrx_word' id='word_1_291' title='bbox 215 3221 422 3287; x_wconf 69' lang='grc' dir='ltr'>ΕΒΑ</span> <span class='ocrx_word' id='word_1_292' title='bbox 467 3221 875 3300; x_wconf 87' lang='lat' dir='ltr'>distrahitur,</span> <span class='ocrx_word' id='word_1_293' title='bbox 922 3222 1447 3307; x_wconf 81' lang='lat' dir='ltr'>elongaturque3</span> <span class='ocrx_word' id='word_1_294' title='bbox 1509 3225 1569 3290; x_wconf 72' lang='grc' dir='ltr'>ὅ(</span> <span class='ocrx_word' id='word_1_295' title='bbox 1613 3225 1765 3289; x_wconf 87' lang='lat' dir='ltr'>idco</span> <span class='ocrx_word' id='word_1_296' title='bbox 1811 3240 2097 3306; x_wconf 86' lang='lat' dir='ltr'>raptatur</span> <span class='ocrx_word' id='word_1_297' title='bbox 2144 3222 2537 3306; x_wconf 55' lang='lat' dir='ltr'>transversali</span> <span class='ocrx_word' id='word_1_298' title='bbox 2583 3235 2744 3287; x_wconf 78' lang='lat' dir='ltr'>motu</span> <span class='ocrx_word' id='word_1_299' title='bbox 2784 3224 2826 3286; x_wconf 79' lang='lat' dir='ltr'>a</span> 
     </span>
     <span class='ocr_line' id='line_1_33' title="bbox 216 3301 2817 3387; baseline -0.001 -20"><span class='ocrx_word' id='word_1_300' title='bbox 216 3302 350 3367; x_wconf 82' lang='lat' dir='ltr'>fixo</span> <span class='ocrx_word' id='word_1_301' title='bbox 381 3304 660 3368; x_wconf 87' lang='lat' dir='ltr'>termino</span> <span class='ocrx_word' id='word_1_302' title='bbox 704 3303 761 3367; x_wconf 88' lang='lat' dir='ltr'>E</span> <span class='ocrx_word' id='word_1_303' title='bbox 802 3321 921 3386; x_wconf 87' lang='lat' dir='ltr'>per</span> <span class='ocrx_word' id='word_1_304' title='bbox 968 3303 1023 3368; x_wconf 84' lang='lat' dir='ltr'>A</span> <span class='ocrx_word' id='word_1_305' title='bbox 1068 3302 1288 3369; x_wconf 90' lang='lat' dir='ltr'>versus</span> <span class='ocrx_word' id='word_1_306' title='bbox 1331 3305 1421 3387; x_wconf 78' lang='lat'>133</span> <span class='ocrx_word' id='word_1_307' title='bbox 1512 3324 1660 3370; x_wconf 90' lang='lat' dir='ltr'>uare</span> <span class='ocrx_word' id='word_1_308' title='bbox 1698 3305 1778 3369; x_wconf 88' lang='lat' dir='ltr'>ad</span> <span class='ocrx_word' id='word_1_309' title='bbox 1817 3303 2011 3369; x_wconf 82' lang='lat' dir='ltr'>instar</span> <span class='ocrx_word' id='word_1_310' title='bbox 2043 3305 2292 3369; x_wconf 86' lang='lat' dir='ltr'>laminae</span> <span class='ocrx_word' id='word_1_311' title='bbox 2324 3301 2638 3386; x_wconf 73' lang='lat' dir='ltr'>supremae</span> <span class='ocrx_word' id='word_1_312' title='bbox 2677 3321 2817 3366; x_wconf 85' lang='lat' dir='ltr'>rno-</span> 
     </span>
     <span class='ocr_line' id='line_1_34' title="bbox 218 3324 2817 3469; baseline -0.002 -19"><span class='ocrx_word' id='word_1_313' title='bbox 218 3384 368 3450; x_wconf 84' lang='lat' dir='ltr'>laris</span> <span class='ocrx_word' id='word_1_314' title='bbox 393 3382 690 3464; x_wconf 88' lang='lat' dir='ltr'>fricabit‚</span> <span class='ocrx_word' id='word_1_315' title='bbox 738 3385 1101 3468; x_wconf 86' lang='lat' dir='ltr'>erodetque</span> <span class='ocrx_word' id='word_1_316' title='bbox 1132 3386 1400 3451; x_wconf 89' lang='lat' dir='ltr'>internis</span> <span class='ocrx_word' id='word_1_317' title='bbox 1433 3324 1507 3451; x_wconf 47' lang='lat' dir='ltr'>a?</span> <span class='ocrx_word' id='word_1_318' title='bbox 1544 3389 1666 3452; x_wconf 82' lang='lat' dir='ltr'>eris</span> <span class='ocrx_word' id='word_1_319' title='bbox 1699 3385 1933 3469; x_wconf 85' lang='lat' dir='ltr'>lapillis</span> <span class='ocrx_word' id='word_1_320' title='bbox 1965 3388 2194 3449; x_wconf 84' lang='lat' dir='ltr'>cibaria</span> <span class='ocrx_word' id='word_1_321' title='bbox 2205 3386 2401 3466; x_wconf 79' lang='lat' dir='ltr'>solida</span> <span class='ocrx_word' id='word_1_322' title='bbox 2438 3384 2513 3448; x_wconf 86' lang='lat' dir='ltr'>R.</span> <span class='ocrx_word' id='word_1_323' title='bbox 2563 3382 2817 3447; x_wconf 88' lang='lat' dir='ltr'>Eadem</span> 
     </span>
     <span class='ocr_line' id='line_1_35' title="bbox 208 3406 2822 3550; baseline -0.002 -18"><span class='ocrx_word' id='word_1_324' title='bbox 208 3466 465 3532; x_wconf 85' lang='lat' dir='ltr'>ratione</span> <span class='ocrx_word' id='word_1_325' title='bbox 493 3463 791 3550; x_wconf 72' lang='lat' dir='ltr'>opposita</span> <span class='ocrx_word' id='word_1_326' title='bbox 820 3466 1055 3531; x_wconf 85' lang='lat' dir='ltr'>lamina</span> <span class='ocrx_word' id='word_1_327' title='bbox 1084 3468 1345 3533; x_wconf 85' lang='lat' dir='ltr'>molaris</span> <span class='ocrx_word' id='word_1_328' title='bbox 1392 3406 1599 3537; x_wconf 53' lang='lat'>1331&gt;</span> <span class='ocrx_word' id='word_1_329' title='bbox 1644 3462 1994 3532; x_wconf 86' lang='lat' dir='ltr'>transverse</span> <span class='ocrx_word' id='word_1_330' title='bbox 2038 3466 2396 3549; x_wconf 89' lang='lat' dir='ltr'>raptabitur</span> <span class='ocrx_word' id='word_1_331' title='bbox 2426 3465 2462 3529; x_wconf 80' lang='lat' dir='ltr'>a</span> <span class='ocrx_word' id='word_1_332' title='bbox 2508 3463 2558 3527; x_wconf 87' lang='lat' dir='ltr'>B</span> <span class='ocrx_word' id='word_1_333' title='bbox 2600 3482 2720 3547; x_wconf 88' lang='lat' dir='ltr'>per</span> <span class='ocrx_word' id='word_1_334' title='bbox 2751 3462 2822 3527; x_wconf 91' lang='lat' dir='ltr'>D</span> 
     </span>
     <span class='ocr_line' id='line_1_36' title="bbox 210 3542 2824 3631; baseline -0.001 -20"><span class='ocrx_word' id='word_1_335' title='bbox 210 3542 431 3611; x_wconf 81' lang='lat' dir='ltr'>versus</span> <span class='ocrx_word' id='word_1_336' title='bbox 477 3547 563 3611; x_wconf 88' lang='lat' dir='ltr'>E·</span> <span class='ocrx_word' id='word_1_337' title='bbox 585 3565 984 3631; x_wconf 86' lang='lat' dir='ltr'>quapropter</span> <span class='ocrx_word' id='word_1_338' title='bbox 1017 3565 1330 3614; x_wconf 89' lang='lat' dir='ltr'>contenta</span> <span class='ocrx_word' id='word_1_339' title='bbox 1361 3552 1587 3613; x_wconf 85' lang='lat' dir='ltr'>cibaria</span> <span class='ocrx_word' id='word_1_340' title='bbox 1624 3548 1733 3615; x_wconf 76' lang='lat' dir='ltr'>Ra</span> <span class='ocrx_word' id='word_1_341' title='bbox 1766 3548 2105 3613; x_wconf 88' lang='lat' dir='ltr'>contrariis</span> <span class='ocrx_word' id='word_1_342' title='bbox 2142 3548 2427 3629; x_wconf 85' lang='lat' dir='ltr'>motibus</span> <span class='ocrx_word' id='word_1_343' title='bbox 2463 3545 2824 3611; x_wconf 86' lang='lat' dir='ltr'>corroden-</span> 
     </span>
     <span class='ocr_line' id='line_1_37' title="bbox 213 3596 2821 3714; baseline -0.001 -20"><span class='ocrx_word' id='word_1_344' title='bbox 213 3627 391 3694; x_wconf 81' lang='lat' dir='ltr'>tibus</span> <span class='ocrx_word' id='word_1_345' title='bbox 421 3596 813 3710; x_wconf 75' lang='lat' dir='ltr'>mufuzorum</span> <span class='ocrx_word' id='word_1_346' title='bbox 855 3629 986 3693; x_wconf 82' lang='lat' dir='ltr'>EA</span> <span class='ocrx_word' id='word_1_347' title='bbox 1029 3631 1091 3696; x_wconf 69' lang='lat' dir='ltr'>a</span> <span class='ocrx_word' id='word_1_348' title='bbox 1136 3629 1311 3707; x_wconf 85' lang='lat' dir='ltr'>BD,</span> <span class='ocrx_word' id='word_1_349' title='bbox 1357 3631 1418 3696; x_wconf 61' lang='grc' dir='ltr'>ὅ(</span> <span class='ocrx_word' id='word_1_350' title='bbox 1447 3631 1759 3714; x_wconf 75' lang='lat' dir='ltr'>deinceps</span> <span class='ocrx_word' id='word_1_351' title='bbox 1795 3630 1831 3694; x_wconf 63' lang='grc' dir='ltr'><strong><em>ὰ</em></strong></span> <span class='ocrx_word' id='word_1_352' title='bbox 1866 3630 2145 3711; x_wconf 56' lang='lat' dir='ltr'>muscum</span> <span class='ocrx_word' id='word_1_353' title='bbox 2191 3628 2310 3694; x_wconf 74' lang='lat' dir='ltr'>BF</span> <span class='ocrx_word' id='word_1_354' title='bbox 2352 3630 2414 3695; x_wconf 69' lang='lat' dir='ltr'>a</span> <span class='ocrx_word' id='word_1_355' title='bbox 2457 3626 2588 3694; x_wconf 80' lang='lat' dir='ltr'>Ec</span> <span class='ocrx_word' id='word_1_356' title='bbox 2616 3675 2636 3707; x_wconf 90' lang='lat'>‚</span> <span class='ocrx_word' id='word_1_357' title='bbox 2681 3627 2821 3692; x_wconf 70' lang='grc' dir='ltr'>νει-</span> 
     </span>
     <span class='ocr_line' id='line_1_38' title="bbox 209 3708 2828 3795; baseline -0.001 -22"><span class='ocrx_word' id='word_1_358' title='bbox 209 3710 306 3774; x_wconf 90' lang='lat' dir='ltr'>uti</span> <span class='ocrx_word' id='word_1_359' title='bbox 353 3709 392 3773; x_wconf 80' lang='lat' dir='ltr'>a</span> <span class='ocrx_word' id='word_1_360' title='bbox 434 3710 642 3789; x_wconf 88' lang='lat' dir='ltr'>limis,</span> <span class='ocrx_word' id='word_1_361' title='bbox 688 3708 1095 3791; x_wconf 84' lang='lat' dir='ltr'>scalpuntur.-</span> <span class='ocrx_word' id='word_1_362' title='bbox 1142 3712 1204 3777; x_wconf 73' lang='grc' dir='ltr'>δε</span> <span class='ocrx_word' id='word_1_363' title='bbox 1248 3713 1397 3795; x_wconf 88' lang='lat' dir='ltr'>quia</span> <span class='ocrx_word' id='word_1_364' title='bbox 1439 3713 1698 3777; x_wconf 87' lang='lat' dir='ltr'>interim</span> <span class='ocrx_word' id='word_1_365' title='bbox 1746 3712 2122 3776; x_wconf 86' lang='lat' dir='ltr'>validisfirne</span> <span class='ocrx_word' id='word_1_366' title='bbox 2166 3711 2448 3793; x_wconf 84' lang='lat' dir='ltr'>parietes</span> <span class='ocrx_word' id='word_1_367' title='bbox 2490 3709 2828 3775; x_wconf 78' lang='lat' dir='ltr'>ventriculi</span> 
     </span>
     <span class='ocr_line' id='line_1_39' title="bbox 214 3789 2829 3882; baseline 0 -29"><span class='ocrx_word' id='word_1_368' title='bbox 214 3789 673 3882; x_wconf 78' lang='lat' dir='ltr'>orbiculariter</span> <span class='ocrx_word' id='word_1_369' title='bbox 704 3789 921 3857; x_wconf 89' lang='lat' dir='ltr'>versus</span> <span class='ocrx_word' id='word_1_370' title='bbox 957 3804 1255 3857; x_wconf 79' lang='lat' dir='ltr'>centrum</span> <span class='ocrx_word' id='word_1_371' title='bbox 1288 3793 1683 3877; x_wconf 87' lang='lat' dir='ltr'>stringuntur</span> <span class='ocrx_word' id='word_1_372' title='bbox 1712 3795 1773 3859; x_wconf 72' lang='lat' dir='ltr'>Gt</span> <span class='ocrx_word' id='word_1_373' title='bbox 1802 3793 2247 3871; x_wconf 74' lang='lat' dir='ltr'>coarCtantur,</span> <span class='ocrx_word' id='word_1_374' title='bbox 2296 3793 2503 3858; x_wconf 88' lang='lat' dir='ltr'>veluti</span> <span class='ocrx_word' id='word_1_375' title='bbox 2536 3791 2573 3857; x_wconf 78' lang='lat' dir='ltr'>a</span> <span class='ocrx_word' id='word_1_376' title='bbox 2606 3808 2829 3856; x_wconf 86' lang='lat' dir='ltr'>torcu-</span> 
     </span>
     <span class='ocr_line' id='line_1_40' title="bbox 212 3869 2456 3957; baseline 0 -19"><span class='ocrx_word' id='word_1_377' title='bbox 212 3871 377 3952; x_wconf 82' lang='lat' dir='ltr'>lan,</span> <span class='ocrx_word' id='word_1_378' title='bbox 422 3869 537 3939; x_wconf 90' lang='lat' dir='ltr'>fiet</span> <span class='ocrx_word' id='word_1_379' title='bbox 577 3890 838 3957; x_wconf 92' lang='lat' dir='ltr'>quoque</span> <span class='ocrx_word' id='word_1_380' title='bbox 873 3872 1124 3954; x_wconf 77' lang='lat' dir='ltr'>contusio</span> <span class='ocrx_word' id='word_1_381' title='bbox 1151 3874 1212 3939; x_wconf 87' lang='lat'>&amp;</span> <span class='ocrx_word' id='word_1_382' title='bbox 1244 3877 1565 3941; x_wconf 78' lang='lat' dir='ltr'>trituratio</span> <span class='ocrx_word' id='word_1_383' title='bbox 1593 3879 1853 3941; x_wconf 84' lang='lat' dir='ltr'>ciborum</span> <span class='ocrx_word' id='word_1_384' title='bbox 1884 3889 2371 3940; x_wconf 87' lang='lat' dir='ltr'>contentorum.</span> <span class='ocrx_word' id='word_1_385' title='bbox 2455 3908 2456 3911; x_wconf 17' lang='grc' dir='ltr'>π</span> 
     </span>
    </p>
   </div>
   <div class='ocr_carea' id='block_1_6' title="bbox 1481 4062 2842 4188">
    <p class='ocr_par' dir='ltr' id='par_1_11' title="bbox 1481 4062 2842 4188">
     <span class='ocr_line' id='line_1_41' title="bbox 1481 4062 2842 4188; baseline -0.003 0"><span class='ocrx_word' id='word_1_386' title='bbox 1481 4097 1674 4188; x_wconf 70' lang='lat' dir='ltr'>(ff)</span> <span class='ocrx_word' id='word_1_387' title='bbox 1720 4117 1762 4185; x_wconf 80' lang='lat'>³</span> <span class='ocrx_word' id='word_1_388' title='bbox 2281 4150 2286 4157; x_wconf 26' lang='grc' dir='ltr'>ι</span> <span class='ocrx_word' id='word_1_389' title='bbox 2584 4062 2842 4158; x_wconf 78' lang='lat' dir='ltr'>PRO-</span> 
     </span>
    </p>
   </div>
  </div>
 </body>
</html>
