3419 4538
596 251 720 356 2‘88
967 247 1128 314 CAP.
1175 242 1393 312 XXII.
1438 245 1581 313 'DE
1635 246 1923 315 MOTU
1983 242 2732 314 EXCANDESCENT
2738 248 2852 314 1AE

587 389 924 478 -a'cquirit,
970 388 1079 458 sed
1118 394 1158 460 ὲ
1198 411 1427 460 contra
1470 416 1612 463 eam
1658 398 1833 477 vim,
1877 414 2065 479 quam
2123 393 2440 473 babebat,
2487 392 2775 472 amittit,
2822 394 3004 459 adeo
3037 398 3201 462 enim

588 477 974 540 -retunditur
1007 477 1067 540 δε
1095 476 1514 559 debilitatur,
1562 497 1635 542 ut
1663 497 1942 561 nequeat
1977 477 2252 559 amplius
2311 491 2652 567 argeutum
2682 476 3076 541 corrodere.
3115 476 3192 543 Si·

591 557 853 622 -militer
891 555 1149 621 mistura
1194 556 1333 629 salis
1382 561 1532 624 nitri
1577 561 1638 626 &
1678 557 1994 643 sulphuris
2041 555 2438 623 accenfibilis
2485 553 2615 633 cst,
2661 553 2760 632 δε,
2808 558 3048 621 addito
3090 555 3198 622 sale

597 639 1067 718 ammoniaco,
1113 639 1386 704 accendi
1432 642 1677 724 nequit.
1767 642 1939 706 Alibi
2000 636 2228 721 postea
2283 634 2369 702 sal
2427 637 2784 720 pmnellae,
2832 657 2924 703 ex
2972 637 3198 704 eisdem

590 720 792 783 :nitro
824 719 886 783 δι
917 715 1217 802 sulphure
1248 721 1603 787 combustis
1634 720 2064 806 compofitum
2140 717 2631 803 inflammationes
2665 717 2842 783 tollit
2867 766 2889 799 ,
2941 718 3199 785 &fusio-

614 817 769 892 nem
777 799 1098 884 succorum
1126 805 1569 888 coagulatorum
1596 816 1972 886 promovet.
2059 767 2163 866 S’al
2193 817 2456 883 quoque
2487 798 2547 864 ἀ
2579 800 2791 882 pulvis
2824 819 3051 865 cornu
3081 821 3198 866 cer·

611 900 680 944 vi
726 881 789 947 ἃ
842 898 1226 948 cancrorum
1290 885 1659 949 acredinam
1713 883 2124 949 acidissimam
2183 881 2538 946 retundunt
2598 881 2659 943 ὃ(
2700 881 3004 959 tollunt;
3049 884 3111 948 ἃ
3148 883 3198 949 id

615 959 822 1045 ipsum
856 979 1116 1028 acetum
1163 963 1592 1046 destillatum,
1636 963 1911 1049 plumbo
1960 959 2270 1041 affusum,
2314 959 2735 1026 dulcedinem
2777 962 3103 1029 saccharo
3140 963 3197 1029 li-

613 1043 836 1109 milem
868 1044 1162 1127 acquirit.
1249 1045 1350 1110 Ex
1394 1046 1488 1111 his
1519 1066 1592 1110 er
1638 1066 1720 1125 ο,
1766 1048 1826 1110 δε
1871 1064 1956 1110 ex
1988 1044 2129 1109 aliis
2177 1043 2530 1125 exemplis,
2576 1061 2720 1188 (ἔκιε
2767 1043 3022 1109 adduci
3079 1040 3196 1127 pos·

598 1119 797 1204 sunt,
843 1123 1131 1204 constat,
1175 1129 1505 1191 acredinem
1515 1128 1597 1209 fii
1624 1133 1784 1192 inam
1799 1128 2094 1207 fermenti
2101 1126 2361 1270 f{abrilis
2396 1140 2583 1187 retun
2636 1125 2689 1202 i,
2738 1123 3114 1191 dulcificari
3143 1127 3198 1204 f&

540 1261 545 1264 .
594 1204 853 1273 ,destrui
898 1207 1168 1270 omnino
1195 1206 1375 1290 posse
1404 1209 1484 1271 ab
1512 1210 1648 1273 aliis
1658 1208 1894 1291 sinibus
1924 1207 2096 1271 admi
2155 1206 2206 1270 is
2251 1205 2593 1270 contrariae
2626 1220 2899 1272 naturae.
3133 1233 3142 1240 ·

695 1287 1039 1353 Postremo
1069 1288 1225 1352 loco
1253 1289 1493 1373 aliquid
1524 1289 1608 1354 de
1624 1287 1737 1354 usn
1765 1287 2236 1373 phlebotomiae
2267 1284 2616 1351 dicendum
2649 1287 3011 1368 videntur,
3034 1309 3200 1374 quam

611 1369 806 1454 aliqui
835 1366 1246 1452 summopere
1281 1370 1576 1449 laudant,
1620 1372 1726 1437 alii
1772 1386 1846 1435 ut
1886 1363 2315 1454 perniciosam
2360 1368 2752 1451 vituperant.
2844 1368 3053 1435 Hanc
3095 1391 3201 1456 ego

610 1448 857 1516 censeo
888 1468 1116 1533 parum
1152 1451 1417 1531 juvare,
1466 1452 2071 1535 &parum‘noccre
2129 1448 2348 1534 poss'e:
2390 1445 2434 1512 fi
2492 1450 2670 1514 enim
2727 1463 2864 1515 tam
2923 1452 3197 1534 proficua

614 1535 679 1597 &
723 1531 1056 1597 laudabiiie
1087 1532 1284 1612 esset,
1373 1535 1560 1598 rocul
1590 1533 1794 1599 dubio
1839 1533 1907 1597 in
1966 1532 2191 1614 majori
2239 1531 2677 1624 proportione
2751 1535 2910 1615 aegri
2979 1552 3193 1599 conva-

612 1607 939 1680 lescerent
966 1612 1032 1677 in
1063 1610 1282 1679 Gallia
1402 1612 1748 1698 Hispania,
1796 1611 1905 1678 ubi
1953 1612 2035 1677 ab
2081 1611 2384 1677 omnibus
2411 1612 2923 1692 febricitantibus
2945 1613 3192 1710 sangui}

615 1694 953 1773 educitur,
995 1712 1184 1778 quam
1217 1695 1284 1759 in
1318 1694 1501 1761 Italia
1529 1697 1593 1761 ὅ(
1632 1697 1695 1760 in
1725 1695 1863 1760 aliis
1906 1694 2069 1758 locis
2091 1742 2109 1772 ‚
2160 1693 2271 1758 ubi
2317 1709 2643 1774 nunquam
2661 1698 2934 1777 sanguis
2969 1698 3184 1760 emutti-

592 1789 741 1840 .tur.
832 1773 889 1839 E
934 1793 1197 1854 contra,
1258 1774 1303 1841 fi
1341 1793 1493 1841 *tam
1550 1778 1746 1841 noxia
1798 1773 1989 1854 esset,
2037 1775 2099 1838 in
2162 1773 2387 1868 majori
2433 1775 2884 1918 proportione
2943 1780 3098 1863 aegri
3135 1779 3189 1842 in

592 1854 1033 1937 Hispania&
1091 1855 1304 1922 Gallia
1359 1858 1739 1937 interirent,
1797 1874 1984 1939 quam
2034 1857 2097 1920 in
2143 1854 2339 1920 ltalia.
2496 1874 2603 1919 um
2666 1855 2868 1940 igitur
2912 1877 3190 1924 neutrum

590 1955 845 2003 -verum
891 1935 1004 2085 ίὲς,
1051 1935 1394 2004 fatendum
1423 1937 1560 2020 est,
1609 1956 1822 2024 neque
1878 1955 2163 2020 noxam,
2211 1955 2422 2022 neque
2472 1936 2782 2020 juvamen
2830 1956 3072 2006 notatu
3110 1939 3190 2006 di·

663 2037 817 2086 uum
860 2038 896 2084 a
957 2038 1121 2086 erre.

590 2039 660 2158 .g
693 2097 1054 2182 Praeterea,
1100 2101 1279 2186 quod
1351 2101 1765 2168 hlebotomia
1801 2103 1969 2168 vires
2001 2119 2137 2165 non
2170 2097 2575 2182 prosternat,
2625 2098 2981 2167 educendo
3158 2107 3195 2154 ’-

586 2182 1123 2283 -tusdtbaisamum
1150 2120 1378 2264 vitale,
1422 2183 1673 2250 constat
1703 2183 2106 2268 experientia
2139 2183 2201 2246 in
2234 2181 2715 2265 boemorrbagiis,
2745 2183 2974 2249 &libe
3069 2207 3100 2259 ι,

586 2265 711 2351 -san
754 2269 921 2333 reims
949 2263 1327 2350 effusionibus
1361 2265 1928 2353 insanis&oegris,
1960 2264 2026 2332 in
2055 2262 2293 2349 quibus
2319 2263 2486 2328 vires
2513 2282 2646 2329 non
2678 2262 3187 2349 prosternuntur,

658 2287 754 2415 ilig
773 2349 1070 2433 exsangue
1110 2346 1255 2413 fere
1298 2361 1511 2432 corpus
1558 2363 1907 2414 remaneat.

687 2430 1168 2514 Experimenta
1211 2428 1478 2514 postea,
1525 2430 1759 2514 quibus
1801 2425 1946 2494 usus
1976 2425 2490 2514 phlebotomiae,
2536 2427 2645 2492 vel
2677 2446 2810 2493 non
2851 2429 3006 2494 usus
3034 2447 3181 2493 com·

610 2510 937 2597 probatur
978 2509 1060 2577 ab
1119 2511 1200 2576 ali
1251 2512 1442 2578 uibus
1457 2559 1481 2592 ‚
1527 2510 1634 2576 nil.
1680 2511 1962 2592 probare
2023 2507 2205 2593 posse
2252 2508 2591 2588 videntur3
2636 2525 2999 2593 propterea
3034 2508 3180 2595 quod

589 2590 1033 2659 *verificantur
1073 2591 1139 2657 in
1166 2593 1229 2670 fe
1267 2595 1435 2659 ribus
1449 2592 1868 2674 salutaribus,
1911 2591 1975 2656 in
2020 2591 2251 2674 quibus
2310 2589 2486 2655 levia
2527 2607 2735 2656 errata
2792 2591 2886 2656 nil
2932 2607 3186 2657 nocent:

607 2672 719 2741 sed
764 2692 848 2738 eo
876 2671 1068 2757 ipso,
1111 2673 1291 2754 quod
1330 2691 1368 2738 e
1421 2673 1595 2739 ustio
1640 2673 1702 2738 ἃ
1766 2692 1898 2739 non
1944 2671 2206 2737 eductio
2236 2671 2359 2756 san
2403 2674 2572 2735 uinis
2614 2666 3039 2738 adversantur
3095 2672 3197 2737 fibi

604 2756 752 2838 ipsis
783 2802 805 2836 ,
862 2756 925 2821 ἀ
960 2770 1327 2838 „utramque
1418 2754 1734 2821 roficuam
1779 2754 2107 2837 experiri,
2182 2756 2353 2820 mani
2392 2750 2525 2817 este
2569 2752 2896 2834 indicant,
2939 2753 3202 2818 fallaces

606 2837 776 2985 esse?
824 2839 885 2902 ἃ
923 2838 988 2903 in
1005 2836 1129 2982 Ileis
1176 2837 1397 2921 locum
1442 2837 1684 2903 habere
1733 2832 2224 2920 paralogismum
2254 2882 2277 2917 ,
2325 2833 2503 2920 quod
2563 2852 2647 2899 ex
2689 2853 2823 2901 non
2890 2833 3084 2901 causa
3139 2850 3206 2900 ut

611 2932 795 2986 caua
830 2939 865 2983 a
964 2936 999 2980 e
1056 2934 1217 2982 atur.
1314 2950 1317 2953 2
1376 2924 1389 2971 Γ
3087 2934 3090 2941 ’

689 3000 753 3064 N
762 2932 957 3082 egzffi³
972 3014 1190 3063 tamen
1221 3017 1354 3065 non
1387 2998 1643 3081 potest,
1675 2999 1759 3064 ali
1808 3001 2024 3066 nando
2049 2998 2582 3085 >phlebotomiam
2610 3000 2878 3082 juvare,
2923 2999 3211 3084 aliquan-

609 3083 700 3145 do
721 3098 878 3143 vero
912 3097 1149 3144 noxam
1181 3077 1454 3144 afferre:
1502 3081 1563 3144 in
1599 3081 1790 3164 aliqui
1846 3101 1916 3147 us
1949 3103 2109 3148 vero
2140 3086 2441 3167 epidemiis
2469 3102 2698 3149 omnes
2730 3100 2782 3145 ae
2830 3082 2918 3161 ri,
2960 3082 3035 3145 in
3121 3084 3210 3147 ui-

583 3163 732 3225 .bus
759 3158 1021 3306 {anguis
1055 3159 1323 3225 eductus
1367 3158 1460 3224 est
1489 3208 1509 3237 ,
1557 3161 1936 3229 intereunt:
1982 3165 2019 3231 ὲ
2066 3183 2293 3230 contra
2340 3164 2402 3227 in
2448 3165 2588 3227 aliis
2632 3181 2757 3227 con
2818 3161 3086 3227 itutioni
3143 3184 3214 3228 us

604 3242 762 3327 phle
813 3241 1083 3307 otomiae
1111 3239 1511 3326 proficuae&
1557 3241 1860 3310 salutares
1895 3244 2056 3311 sunt.
2149 3245 2368 3335 Quare
2413 3244 2547 3309 dari
2578 3243 2832 3327 poffunt
2878 3240 3107 3324 casus,
3153 3247 3217 3310 in

654 3324 1201 3403 uibusnoceant,
1245 3324 1307 3389 &
1337 3326 1404 3391 in
1437 3327 1666 3410 quibus
1708 3325 2019 3409 proficuce
2050 3326 2196 3392 sint:
2246 3325 2287 3391 ii
2323 3326 2448 3390 hoc
2478 3327 2652 3392 enim
2683 3344 2906 3391 verum
2937 3342 3090 3392 nou
3130 3323 3216 3392 es·

586 3476 593 3489 ¹
637 3424 741 3482 et,
788 3424 922 3470 non
956 3402 1249 3489 semper,
1297 3405 1405 3472 vel
1436 3427 1567 3473 non
1603 3422 1674 3472 ut
1706 3409 2056 3490 plurimum
2103 3405 2567 3473 verificaretur.

581 3535 595 3544 -
691 3486 896 3554 Causa
928 3506 1124 3565 vere,
1167 3506 1365 3571 quare
1397 3490 1741 3573 aliquando
1775 3488 2224 3573 phlebotomia
2246 3490 2474 3568 iuvare
2503 3486 2757 3572 potest,
2803 3481 3028 3553 forsan
3083 3486 3209 3569 est,

563 3570 762 3656 {quia
796 3569 861 3632 in
908 3567 1037 3632 fine
1078 3570 1419 3648 qu'ussibet
1444 3571 1790 3653 paroxysmi
1831 3571 1988 3647 finci
2019 3589 2185 3635 acres
2216 3569 2277 3634 &
2325 3570 2576 3656 maligni
2635 3571 2672 3636 ὲ
2719 3570 2992 3634 nervulis
3039 3573 3207 3655 glun?

612 3654 890 3718 datarum
921 3650 1086 3715 intra
1114 3671 1301 3715 venas
1335 3641 1851 3731 effunduntur‚a
1882 3653 2112 3735 quibus
2128 3650 2303 3733 mqffa
2318 3651 2664 3737 sanguinea
2693 3649 3200 3731 contaminatur,

584 3754 737 3802 nec
780 3733 1051 3798 omnino
1085 3751 1203 3816 per
1230 3751 1398 3796 renes
1432 3751 1636 3816 expui·
1683 3735 1774 3798 ari
1822 3732 2039 3817 potest
2061 3753 2088 3815 ς,
2125 3750 2324 3815 quare
2354 3750 2472 3826 per
2521 3731 3052 3827 phlebotomiam
3108 3735 3206 3818 eji-

578 3818 870 3883 ·ciuntur
911 3830 1060 3881 cum
1091 3811 1590 3898 sanguinesucci
1630 3815 1727 3879 ili
1758 3834 1966 3895 acres,
2012 3816 2074 3881 ἃ
2122 3814 2224 3893 hi,
2270 3832 2377 3895 qui
2409 3815 2799 3899 insanguine
2828 3831 3210 3895 remanent,

580 3915 871 3965 ‚contem
922 3897 1088 3962 erari
1119 3892 1380 3979 poffunt
1409 3893 1447 3960 a
1482 3895 1647 3978 chylo
1689 3892 2237 3978 superveniente,
2280 3894 2316 3962 a
2365 3914 2497 3981 quo
2543 3893 2744 3963 facile
2786 3894 2848 3962 ἀ
2888 3894 3036 3959 cito
3065 3899 3215 3981 fiin-

580 3984 741 4067 ›guis
771 3999 842 4050 re
891 3981 1061 4049 citui·
1089 3977 1153 4046 ἀ
1180 3991 1552 4046 renovatur.
3002 4053 3107 4126 Li
3158 4068 3228 4127 et

576 4106 583 4113 i
772 4096 778 4102 -
3111 4077 3159 4125 c
