3419 4538
583 170 921 276 omnus
963 167 1239 246 Mose.
1284 126 1832 249 coNTRAcT.
1879 170 2113 250 mm
2149 169 2580 253 POTESTK
2800 197 2854 272 5

250 348 415 402 tune
438 330 799 398 maximam
829 328 957 393 vim
987 346 1345 403 exercere,
1390 329 1648 412 quando
1699 326 2031 397 violenter
2074 316 2385 413 trahitur',
2431 330 2849 416 distenditur,

258 418 777 500 elongaturque,
819 425 891 474 ut
922 409 1084 475 fides
1115 409 1382 474 citharae
1417 405 1645 473 tensae:
1690 424 1762 472 at
1786 411 2045 494 quando
2077 431 2300 479 earum
2318 413 2850 499 longitudo&in-

260 498 607 562 tervallum
638 494 1059 571 decurtatur,
1107 507 1263 555 tunc
1296 488 1685 555 flaccescunt
1711 491 1774 555 ὅ(
1803 492 2045 557 nullam
2077 495 2211 558 vim
2245 511 2579 561 exercent.
2666 495 2847 582 Ergo
2929 498 2940 511 '

260 577 366 642 vis
393 575 638 658 musculi
657 619 681 652 ‚
726 573 788 638 ἀ
818 572 1253 636 machinarum
1289 571 1425 655 ejus
1455 570 1931 657 diminutapost
1961 574 2097 656 ejus
2111 574 2565 642 contrafflonem
2579 595 2706 644 non
2726 596 2847 663 po·

263 659 418 724 terit
447 655 725 741 ingentia
800 654 1041 717 ondeta
1069 647 1396 717 sustinere.

347 736 448 802 Ex
477 755 607 820 quo
636 735 715 799 de
766 736 1016 812 ucitur,
1062 732 1241 816 quod
1272 733 1366 797 vis
1396 732 1795 798 conti-activa
1811 730 2114 816 fibrarum
2126 734 2519 820 musculorum
2532 736 2712 804 usum
2729 737 2840 805 ha·

264 816 385 883 bet
409 817 490 882 ad
522 814 927 880 retinendum
958 814 1283 906 masculum
1313 808 1565 881 tensum
1595 809 1830 896 absque
1874 816 2002 881 ulla
2045 818 2546 902 corrugatione,
2594 816 2844 887 scilicet

259 899 329 964 in
373 894 787 979 dispoiitione
830 895 888 960 6(
935 893 1334 977 aptitudine,
1377 909 1450 958 ut
1489 893 1683 978 possit
1711 894 1748 959 a
1777 913 1950 962 nova
1979 897 2047 962 vi
2077 914 2349 964 externa
2378 901 2838 966 violentiffime

256 976 552 1045 contrahi
582 972 669 1041 ad
691 974 1023 1060 appetitus
1051 986 1479 1059 praeceptum.
2041 1022 2044 1031 .
2622 1046 2629 1055 ‚

326 1056 599 1144 Insuper
637 1056 684 1122 fi
731 1055 1130 1134 contractio,
1175 1054 1545 1121 decurtatio
1587 1055 1650 1121 ὅ(
1700 1054 1955 1122 inflatio
1980 1057 2230 1142 musculi
2263 1056 2421 1126 effet
2450 1062 2712 1145 propria
2742 1058 2836 1130 sui

254 1140 455 1226 ipfius
538 1134 792 1203 scilicet
820 1135 1190 1202 efficeremr
1220 1135 1257 1200 ὲ
1285 1136 1351 1200 vi
1382 1136 1863 1218 machinarum,
1909 1156 1992 1202 ex
2025 1139 2260 1223 quibus
2278 1138 2445 1222 fibroe
2475 1159 2837 1209 contexun-

255 1236 400 1302 tur,
448 1186 511 1286 ἆ
540 1238 674 1285 non
706 1219 745 1284 a
773 1218 839 1282 vi
869 1230 1183 1310 externa,
1224 1215 1610 1310 quotiescun
1657 1236 1742 1282 ue
1772 1218 2064 1284 distantia
2092 1222 2518 1305 terminorum
2550 1219 2838 1306 ejusdcm

240 1301 537 1387 musculi,
579 1318 771 1383 quam
816 1316 1097 1363 maxime
1137 1300 1277 1362 heri
1321 1295 1576 1382 potest,
1670 1299 2041 1380 iminuitur,
2089 1315 2161 1365 ut
2189 1302 2515 1387 contingit
2547 1308 2611 1370 in
2637 1307 2837 1389 maffe-

243 1397 414 1462 tere,
461 1380 721 1466 quando
765 1379 1109 1444 mndilndoe
1152 1378 1463 1444 uniuntur
1505 1379 1568 1445 ἀ
1599 1377 1751 1444 strin
1801 1394 2033 1460 untur,
2079 1395 2238 1448 tunc
2274 1381 2506 1466 sponte
2539 1388 2642 1450 lua
2675 1403 2835 1451 con·

242 1463 463 1543 trahi,
505 1461 685 1526 tendi
712 1460 775 1526 Gt
804 1458 1085 1524 indurari
1118 1458 1396 1524 deberet
1425 1457 1630 1526 ditius
1673 1480 1770 1524 ma
1813 1471 1974 1540 eter,
2017 1458 2123 1526 sed
2168 1462 2300 1527 hoc
2343 1460 2543 1531 sensui
2590 1484 2827 1550 repug-

238 1560 353 1614 nat
370 1591 398 1625 ‚
443 1555 738 1608 remanet
766 1539 939 1605 enim
969 1539 1147 1605 laxus
1170 1539 1232 1605 δι
1264 1539 1517 1620 mollis,
1549 1557 1728 1623 quou
1754 1559 1881 1624 que
1893 1541 2171 1624 jubente
2186 1544 2525 1609 voluntate
2543 1561 2821 1631 turgeat.

235 1628 428 1709 Ergo
458 1620 822 1688 contractio
851 1620 913 1686 δι
940 1619 1145 1685 tenfio
1179 1637 1313 1684 non
1343 1618 1439 1685 est
1467 1621 1728 1705 propria
1813 1640 1936 1686 nec
1967 1623 2212 1706 pendet
2244 1624 2282 1689 a
2313 1623 2624 1693 structura
2658 1647 2833 1693 mac·

237 1706 416 1775 hinae
449 1699 720 1788 ipsarum
752 1698 1077 1781 fibrarum,
1123 1697 1233 1764 sed
1264 1699 1345 1764 ab
1376 1700 1495 1766 alia
1525 1698 1711 1767 causa
1765 1720 1943 1789 onge
1968 1701 2235 1768 diversa.

323 1787 411 1854 lis
440 1801 575 1849 non
603 1780 1054 1861 obstantibuS,
1095 1780 1319 1847 dicere
1345 1776 1655 1866 quispiam
1684 1782 1939 1868 poss‘et,
1986 1785 2164 1867 quod
2206 1784 2435 1870 gradus
2484 1787 2597 1853 ille
2643 1788 2828 1873 vigo-

237 1871 326 1936 ris
344 1916 367 1949 ,
413 1882 611 1949 quem
637 1863 884 1946 musculi
911 1861 1092 1927 vitali
1120 1876 1307 1927 motu
1335 1876 1683 1943 exercent,
1731 1862 1807 1931 fit
1832 1865 2132 1948 proprius
2161 1865 2669 1935 machinularum
2692 1912 2713 1951 ,
2747 1886 2835 1937 ex

244 1949 487 2035 quibus
503 1945 669 2026 fibroe
693 1958 1219 2026 componuntur,
1262 1942 1371 2025 qui
1425 1941 1576 2008 ideo
1619 1945 2039 2011 continenter
2082 1964 2213 2011 non
2257 1964 2639 2031 exercetur,
2683 1953 2833 2034 quia

239 2026 604 2122 impeditur
633 2022 989 2088 contractio
1019 2023 1500 2104 machinarum,
1544 2021 1883 2109 quousque
1912 2043 2227 2109 appetens
2260 2024 2539 2093 facultas
2587 2030 2825 2113 permi-

241 2105 407 2174 serit
433 2124 541 2171 eas
569 2105 1009 2190 operationem
1041 2120 1393 2184 exercere,
1436 2121 1568 2170 non
1597 2100 1782 2168 secus
1811 2123 1887 2169 ac
1918 2124 2101 2169 arcus
2131 2104 2371 2171 balistae
2401 2104 2585 2172 tenso
2619 2129 2831 2174 nervo

247 2186 608 2274 impeditur
636 2186 771 2267 eJ'us
804 2184 1121 2249 violentia
1149 2183 1231 2249 ab
1264 2184 1563 2263 axicu10,
1609 2182 1720 2247 seu
1752 2183 2021 2248 vinculo
2040 2231 2062 2264 ,
2109 2204 2240 2269 quo
2275 2186 2529 2267 ablate,
2575 2204 2685 2252 aut
2727 2189 2827 2254 so·

245 2272 399 2339 luto
414 2262 697 2353 sequitur
711 2264 1163 2334 violentiffima
1197 2261 1519 2332 distractio
1554 2265 1615 2332 dt
1642 2262 1968 2349 projectio
1996 2266 2153 2332 teli:
2196 2266 2349 2333 ideo
2378 2266 2836 2352 ostendemus,

247 2349 430 2438 quod

962 2557 1833 2652 PRoPos1T1o
1943 2552 2128 2658 VI.

243 2789 384 2883 Vis
407 2795 668 2903 ingens
698 2781 1196 2878 contraHiva
1232 2790 1510 2878 vitalis
1542 2786 2074 2875 machinarum
2093 2775 2656 2873 musculorum
2673 2806 2832 2916 nan

356 2903 669 3019 quiescit
698 2960 726 3005 ,
782 2930 916 2989 nec
945 2906 1176 3006 ceffizt
1231 2904 1337 2991 ab
1361 2907 1802 3018 operatione
1819 2959 1849 3002 ‚
1901 2905 2088 3015 quia
2143 2895 2653 3030 abpbstaculp
2702 2917 2838 3023 mr:

243 3100 253 3106 .
349 3018 677 3132 peditur
694 3074 725 3116 ,
780 3042 915 3101 nec
956 3020 1138 3149 figit
1152 3080 1186 3122 ,
1236 3015 1543 3131 quando
1596 3014 2199 3146 impedimentisne
2245 3009 2446 3097 zllud
2495 3002 2848 3150 ammalt

361 3124 768 3217 facultate
800 3128 969 3214 tolle
988 3129 1346 3240 jubetur.
1402 3109 1683 3218 TAB.
1741 3121 1958 3222 XV.
2008 3125 2189 3235 th.
2237 3145 2325 3232 4.

329 3344 785 3432 Supponamus
812 3347 1082 3414 vitalem
1111 3349 1245 3416 vim
1276 3348 1447 3416 illam
1478 3347 1786 3435 grandem
1869 3363 2063 3432 quam
2091 3343 2340 3491 maffia?
2363 3344 2525 3428 J‘uffis
2554 3342 2833 3415 faculta-

244 3429 334 3495 tis
364 3429 634 3521 motivae
666 3443 1025 3509 exercent,
1070 3427 1197 3496 effe
1224 3430 1585 3496 naturalem
1616 3429 1678 3496 ὁ(
1704 3395 1950 3495 ἰηίῖωω
1979 3425 2176 3510 musca
2202 3430 2300 3508 is,
2339 3444 2410 3493 ut
2440 3425 2691 3512 semper
2705 3428 2855 3514 apti

240 3509 315 3576 ὁ(
346 3506 627 3594 dispositi
657 3509 779 3576 fint
805 3509 886 3575 ad
917 3527 961 3575 o
1012 3512 1376 3577 erationem
1410 3510 1585 3577 illam
1614 3508 2092 3588 exercendam,
2133 3508 2198 3573 ὅ(
2226 3509 2483 3591 quando
2514 3510 2803 3576 otiantur

240 3605 390 3656 non
476 3586 767 3655 uiescunt
808 3589 901 3657 ob
989 3589 1278 3659 efectum
1321 3592 1627 3672 roboris„
1662 3586 1771 3657 sed
1820 3590 1965 3675 quia
2010 3589 2090 3655 ab
2118 3589 2328 3672 aliqua
2360 3609 2627 3658 externa
2656 3559 2856 3658 caula

236 3671 428 3755 impe
473 3689 603 3737 itur
648 3671 786 3754 ejus
815 3671 1023 3753 affi03
1066 3688 1139 3738 ut
1169 3674 1269 3740 vis
1309 3674 1565 3738 motiva
1595 3667 1897 3737 deorsum
1930 3689 2046 3736 cor
2141 3670 2314 3735 ribus
2346 3669 2600 3756 semper
2630 3673 2809 3756 viget

230 3752 303 3819 ἃ
347 3749 533 3819 suum
566 3766 874 3818 conatum
895 3769 1210 3834 exercet,
1257 3768 1323 3820 at
1352 3751 1725 3838 quiescunt,
1771 3753 1919 3838 quia
1952 3752 1988 3819 a
2065 3752 2255 3816 uritie
2282 3754 2682 3835 pavimenti,
2725 3773 2764 3814 v

229 3832 275 3901 a
323 3834 395 3900 vi
442 3852 665 3900 manus
712 3829 1011 3917 subjectae
1043 3880 1069 3926 ,
1141 3853 1369 3900 eorum
1413 3833 1807 3919 prohibetur
1863 3829 2224 3900 descensus.
2307 3830 2847 3913 Ostendendum‚

204 3911 412 4002 ‚hanc
454 3912 848 4000 positionem
883 3915 1013 3983 effe
1043 3914 1494 4006 impossibilem
1526 3915 1588 3982 &
1609 3915 1931 4082 {njptam

1746 3996 1790 4082 2
1830 4014 1884 4085 3,
2535 4101 2536 4104 Ἴ
2621 3952 2856 4076 utilite
