3419 4538
466 225 634 288 ..m
888 285 893 288 ,
1045 207 1210 275 ω.
1256 201 1434 274 vm.
1482 198 1611 271 DE
1652 199 1831 271 usu
1871 189 2556 273 RESPIRATIONIS

495 367 663 431 bere
683 411 704 444 ,
748 374 824 427 ut
854 358 1104 425 scilicet
1129 355 1446 440 respiratio
1471 353 1822 440 refrigeret
1848 401 1869 435 ,
1915 355 1979 421 &
2006 353 2190 420 fimul
2221 355 2502 421 ventilet
2522 353 2733 440 focum
2763 355 2962 423 cordis
2993 374 3027 438 3
3053 349 3201 423 fe-

496 463 742 530 ponam
787 461 914 528 ego
946 489 966 522 ‚
1008 439 1054 506 fi
1080 439 1430 505 ventilatio
1468 438 1740 522 impedit
1773 436 2247 528 extinctionem
2276 438 2479 530 igniS,
2525 455 2689 523 ergo
2719 439 3024 524 impedit
3063 439 3202 504 di·

500 529 937 597 minutionem
969 525 1104 606 ejus
1135 569 1156 602 ,
1204 539 1289 586 eo
1333 519 1510 603 quod
1545 519 1860 584 extinctio
1905 513 2141 602 absque
2185 518 2626 586 diminutione
2674 522 2839 605 ignis
2867 522 3200 606 percipi

504 628 644 676 non
679 605 920 691 potest.
1004 604 1229 690 Quare
1265 600 1649 680 ventilatio,
1698 600 2000 685 augendo
2033 599 2456 666 continenter
2486 603 2744 685 ignem,
2789 622 2939 668 eum
2984 619 3206 668 con·

498 689 727 756 ‘servat
753 689 815 754 &
844 687 1056 752 fovet.
1144 684 1202 750 E
1233 698 1461 750 contra
1491 679 1908 763 refrigeratio
1956 699 2040 745 ex
2082 677 2176 745 sui
2223 696 2447 748 natura
2476 683 2804 748 imminuit
2833 684 3213 760 ardorem

512 774 783 839 nimium
816 771 995 855 ignis,
1081 765 1284 851 Igitur
1334 764 1562 829 eadem
1601 750 1770 829 actio
1799 764 2213 850 respirationis
2247 763 2414 828 duos
2444 763 2723 830 effectus
2756 767 3194 842 contrarios

514 855 757 919 eodem
788 868 1087 935 tempore
1117 846 1467 933 producit,
1512 864 1751 930 nempe
1782 864 1980 932 auget
2012 844 2074 909 ὅ(
2120 844 2444 910 imminuit
2476 844 2813 912 fervorem
2850 844 3195 912 flammae

517 936 735 1000 vitalis
766 938 996 1012 cordis,
1041 929 1220 1014 quod
1265 926 1358 993 est
1393 927 1804 1010 impoffinile.
1891 926 2321 1021 Quapropter
2361 924 2507 992 usus
2539 925 2955 1012 respirationis
3013 945 3202 995 non

522 1019 650 1084 erit
678 1017 1105 1103 refrigerium,
1150 1013 1215 1077 δε
1244 1011 1565 1075 ventilatio
1598 1012 1766 1096 ignis
1796 1011 1857 1075 &
1871 1009 2126 1093 flamma:
2159 1010 2373 1073 cordis.

1029 1202 2077 1295 Pnoposzmo
2187 1174 2633 1300 XCVII.

653 1416 1141 1534 Exspiratio
1187 1420 1551 1534 Instituta
1599 1447 1746 1507 non
1792 1419 1896 1533 est
1934 1421 2045 1507 ad
2087 1418 2574 1535 expellendas
2588 1413 2969 1532 ficlr‘gines
3007 1478 3048 1528 ‚

1091 1543 1406 1648 genitas
1451 1538 1552 1624 ab
1587 1532 1780 1647 igne
1812 1543 1893 1622 in
1927 1531 2185 1622 corde
2218 1532 2608 1643 existente.
2989 1585 2996 1590 -

634 1743 837 1809 Sicuti
871 1748 933 1809 in
968 1743 1198 1810 nostris
1229 1745 1496 1810 caminis
1525 1762 1645 1839 per
1676 1762 1907 1809 eorum
1939 1743 2198 1809 canales
2242 1739 2405 1806 fumi
2443 1740 2748 1835 exhalant
2778 1739 3197 1812 deferent&

552 1844 764 1892 tetras
798 1826 936 1889 illas
971 1825 1317 1908 fuliginea,
1368 1844 1510 1908 quae
1534 1827 1980 1909 impinguntur
2010 1826 2078 1888 in
2111 1841 2338 1888 eorum
2413 1822 2758 1902 arietibus,
2797 1822 2886 1888 stc
2919 1827 3202 1910 antiqui

558 1903 977 1990 Philosophi,
1028 1897 1172 1970 ciim
1208 1909 1542 1987 viderent,
1586 1908 1853 1990 prodire
1885 1906 1966 1970 ab
2014 1926 2110 1971 ore
2156 1904 2364 1968 anima
2398 1905 2525 1968 ium
2558 1921 2835 1988 vapores
2879 1907 3208 1988 calidos,

564 1990 671 2073 qui
706 1988 947 2072 hyeme
981 1983 1095 2053 sub
1126 1988 1292 2053 fumi
1323 1985 1539 2072 specie
1571 1988 1980 2067 cruciantur,
2030 1984 2460 2065 censuerunt,
2506 2003 2668 2051 vere
2709 1984 2748 2050 a
2778 1983 2917 2068 foco
2967 1992 3200 2053 cordis

560 2070 772 2134 emitti
807 2067 1068 2152 furnos,
1110 2070 1175 2135 ὅ(
1202 2067 1443 2134 deferri
1475 2068 1788 2154 fuligines
1817 2068 2016 2134 foraS.
2066 2068 2317 2134 Verum
2351 2068 2492 2132 talis
2521 2070 2686 2153 ignis
2717 2068 2995 2151 impurus
3021 2085 3200 2134 nou

562 2152 887 2235 reperitur
916 2153 980 2216 in
1028 2155 1230 2230 corde,
1277 2147 1389 2215 sed
1438 2157 1687 2216 tantum
1731 2165 2096 2233 temperata
2135 2149 2199 2214 &
2243 2152 2578 2213 moderata
2621 2150 2923 2219 caliditas.
3003 2147 3202 2215 Ideo

566 2234 681 2300 illa
712 2230 936 2299 fabula
971 2235 1033 2299 in
1064 2233 1284 2298 fumos
1322 2232 1479 2298 abit.
3125 2261 3136 2271 ·

653 2314 740 2380 Et
772 2316 917 2381 talis
947 2317 1225 2380 caliditas
1253 2328 1615 2409 temperata
1642 2331 1775 2380 non
1811 2312 2049 2380 residet
2096 2314 2161 2379 in
2192 2315 2397 2392 corde,
2446 2326 2521 2376 ut
2568 2312 2635 2378 in
2678 2313 2940 2399 propria
2974 2310 3148 2379 fede
3166 2363 3202 2398 ,

573 2394 685 2462 sed
716 2398 940 2481 potius
975 2394 1071 2461 est
1101 2398 1509 2477 adventit1a3
1570 2397 1719 2481 quia
1764 2396 1853 2461 ibi
1899 2396 2183 2481 gignitur
2226 2396 2264 2460 a
2289 2394 2618 2481 sanguinis
2666 2396 3200 2478 commotione,

455 2515 475 2521 -
574 2479 762 2547 sicuti
794 2475 1059 2544 resultat
1089 2478 1154 2544 in
1196 2480 1453 2543 caeteris
1481 2477 1809 2561 visceribus
1839 2478 1901 2543 δι
1932 2479 2234 2542 carnibus.
2313 2474 2378 2541 N
2388 2494 2464 2540 ec
2492 2491 2816 2560 praeterea
2859 2489 3205 2561 tempan-

578 2579 648 2626 ta
683 2550 824 2625 hl‘ec
866 2562 1149 2626 caliditas
1180 2558 1399 2625 fumos
1430 2574 1672 2639 tetrOS,
1719 2559 1781 2624 δι
1820 2555 2211 2643 fuliginosos
2255 2558 2521 2645 gignere
2526 2554 2810 2704 apotest,
2853 2558 2999 2644 quia
3033 2560 3210 2626 nul·

581 2644 713 2709 lam
748 2642 1068 2707 astionem
1101 2643 1431 2725 propriam
1468 2642 1786 2723 caliditas,
1829 2654 1905 2704 ut
1936 2642 2082 2707 talis
2135 2638 2265 2720 est,
2311 2641 2376 2704 in
2425 2658 2523 2703 cor
2566 2660 2594 2704 e
2643 2638 2847 2706 efficit
2872 2683 2896 2722 ,
2936 2647 3206 2724 nempe

583 2743 722 2790 non
755 2722 1133 2805 liquefacit,
1182 2740 1314 2786 non
1347 2722 1715 2804 comburit,
1762 2724 1824 2789 ὅ(
1853 2738 1988 2787 non
2019 2719 2699 2813 elixistatsangainem.

669 2801 910 2886 Neque
942 2804 1144 2868 ullum
1175 2815 1317 2886 opus
1331 2804 1848 2887 fermentativum
1889 2804 1957 2870 in
2001 2807 2170 2868 corde
2199 2800 2309 2880 fit,
2352 2820 2501 2886 quia
2542 2798 2637 2866 est
2685 2801 2991 2885 musculus
3024 2802 3212 2871 ssmi-

550 2916 555 2921 ,
588 2888 670 2954 lis
704 2885 957 2949 caeteris
978 2930 1000 2965 ,
1046 2899 1236 2968 atque
1267 2885 1332 2950 in
1362 2886 1499 2967 ejus
1543 2887 1921 2950 cavitatibus
1951 2900 2085 2948 non
2115 2881 2330 2963 adest,
2374 2900 2500 2948 nec
2527 2883 2814 2967 gignitur
2837 2883 3066 2969 succus
3097 2888 3215 2953 ul·

596 2970 701 3036 lus
729 2969 1152 3050 fermentitius
1183 3012 1203 3045 ‚
1262 2963 1375 3031 sed
1418 2963 1875 3032 tantummodo
1922 2982 2120 3049 purus
2143 2963 2406 3051 sanguis
2435 2982 2572 3030 non
2615 2978 3045 3050 permanens,
3081 2964 3221 3036 secl

595 3051 665 3115 in
697 3047 1014 3112 continuo
1045 3045 1329 3113 transitu.
1412 3046 1654 3131 Igitur,
1698 3045 1863 3113 sicut
1890 3048 1954 3111 in
1984 3046 2265 3132 musculis
2293 3065 2425 3111 non
2459 3042 2661 3128 fiunt,
2706 3043 2828 3127 nili,
2850 3058 3062 3134 pauca
3089 3066 3222 3118 ex·

478 3143 489 3157 ·
601 3136 939 3194 crementa
966 3175 988 3208 ,
1032 3129 1121 3193 ita
1150 3130 1405 3194 videtur
1436 3129 1863 3207 incredibile,
1907 3145 1981 3194 ut
2015 3142 2195 3196 tanta
2229 3129 2425 3213 copia
2468 3128 2532 3194 in
2579 3132 2751 3195 corde
2775 3142 3222 3200 excrementa

601 3207 1000 3360 &guligines
1028 3211 1406 3296 gignantur,
1450 3226 1527 3276 ut
1554 3211 1888 3296 indigeant
1919 3211 2147 3277 cloaca
2178 3212 2519 3296 pulmonis,
2564 3226 2904 3296 perquam
2947 3212 3219 3297 expelli

650 3313 686 3360 e
739 3308 911 3358 eant.

687 3373 752 3441 N
761 3396 847 3440 on
879 3395 1086 3461 neg0,
1105 3375 1279 3461 quod
1310 3372 1390 3441 ab
1420 3396 1516 3441 ore
1543 3394 1677 3442 non
1711 3389 1949 3441 exeant
1979 3374 2175 3459 aliqui
2204 3394 2483 3460 vapores
2511 3376 2706 3461 aquei
2746 3392 2875 3441 una
2903 3378 3214 3446 canifi-e

600 3454 969 3540 exspirato3
1012 3457 1126 3523 sed
1174 3459 1238 3523 hi
1282 3470 1415 3522 non
1459 3473 1706 3522 exeunt
1734 3456 1772 3522 a
1800 3460 2002 3536 corde,
2047 3456 2159 3520 sed
2205 3457 2609 3524 exstillantur
2652 3456 2689 3523 a
2726 3459 3042 3543 gummis
3086 3476 3216 3527 tra·

604 3540 793 3618 cbeae,
824 3539 1109 3617 saucium
1139 3587 1160 3620 ,
1198 3539 1485 3623 palati&
1525 3542 1804 3619 narium,
1848 3551 1923 3601 ut
1969 3555 2190 3601 earum
2234 3535 2609 3623 superficies
2652 3552 2837 3604 cavae
2869 3540 3210 3610 delinean-

608 3631 752 3696 tur,
797 3620 858 3683 &
889 3616 974 3683 fic
1003 3618 1039 3684 a
1064 3621 1292 3705 rapido
1323 3634 1567 3699 vent0,
1613 3638 1743 3704 quo
1771 3623 1873 3686 air
1907 3615 2299 3701 exspiratur,
2345 3620 2742 3696 abraduntur
2763 3622 3061 3690 minimae
3086 3626 3208 3692 mae

610 3700 917 3784 ‘guttulae‚
967 3718 1282 3787 vaporem
1312 3719 1811 3785 componentes·
2527 3756 2534 3763 .

694 3780 1037 3860 RationeS,
1084 3802 1364 3868 quaeme
1392 3800 1666 3869 movent
1700 3785 1780 3850 ad
1821 3783 2259 3864 credendum,
2304 3784 2482 3868 quod
2525 3784 2567 3850 e
2603 3785 2918 3869 glandulis
2960 3786 3209 3852 ma

588 3863 676 3929 οδε
705 3864 974 3940 faucium
1004 3867 1222 3946 potius
1241 3912 1262 3943 ,
1305 3883 1495 4009 quam
1526 3882 1611 3930 ex
1646 3870 1893 3931 arteriis
1923 3867 1983 3931 &
2013 3869 2188 3930 venis
2210 3867 2554 3949 pulmonem
2580 3867 2990 4012 cigrediantur
3015 3869 3214 3954 aquei

609 3963 889 4026 vapores
920 3944 1219 4030 exspirati
1255 3994 1274 4027 ‚
1352 3962 1487 4012 unt.
1573 3946 1785 4012 Prima
1817 3995 1837 4025 ,
1883 3947 2031 4031 quia
2072 3944 2322 4013 Natura
2369 3949 2594 4024 capaci
2669 3967 2840 4015 mam
2883 3948 3219 4019 officinam

604 4028 1047 4096 excretoriam
1077 4029 1146 4094 in
1178 4032 1420 4096 renibus
1448 4030 1878 4113 praeparavit,
1925 4040 2000 4096 ut
2029 4028 2658 4115 aquemnstrcfitatem
2695 4030 2735 4097 ὲ
2758 4030 3078 4120 sanguine
3108 4049 3220 4098 ex·

1732 4168 1738 4179 ,γ
3092 4129 3231 4181 Get-
