3419 4538
575 179 1422 256 vssGETATmNE
1497 181 2227 259 PLANTARUM.
2717 199 2848 288 ng
2963 257 2970 264 .

234 347 524 436 quinque
569 364 774 412 annos
803 346 1127 423 enutrit0‚
1181 344 1538 412 necess'ario
1568 341 2042 431 comsumptum
2084 348 2302 418 fuiffet
2334 361 2545 415 totum
2560 351 2834 433 fermen-

233 446 409 509 tum,
442 428 619 512 quod
652 429 721 492 in
749 429 1021 521 virgulto
1052 426 1546 510 praeexistebat3
1579 428 1729 516 quia
1753 426 1834 493 ab
1867 431 2108 496 effluxu
2143 431 2457 504 continuo
2485 449 2837 517 aquoetran·

225 510 475 578 feuntis
516 510 579 575 &
637 505 1075 592 transpirantis
1118 506 1293 571 ablui
1336 509 1652 576 debuerat
1715 517 1928 576 totum
1987 511 2149 578 illud
2186 515 2598 594 fermentum,
2659 516 2841 598 quod

227 592 491 660 aliunde
536 589 619 654 ab
663 608 820 669 aqua
859 603 1023 673 pura
1046 590 1326 670 reparari
1359 589 1421 654 δι
1450 590 1634 657 refici
1679 609 1811 658 non
1844 607 2126 674 poterat.
2215 594 2413 680 Igitur
2443 595 2580 659 cito
2612 595 2838 678 planta

221 675 344 750 illa
372 669 694 766 periissem
740 671 920 814 3u⁰d
949 663 1340 763 est*falsum3
1383 671 1548 736 vixit
1574 674 1747 739 enim
1781 671 1842 737 δι
1871 673 2080 737 crevit
2107 691 2225 765 per
2254 676 2537 760 quinque
2566 683 2828 759 annos,

218 755 287 823 Gt
331 754 574 818 dlutius
667 771 738 816 er
787 749 1015 817 urass'et
1058 748 1121 814 ὅ(
1164 748 1499 833 crevlss'et,
1541 752 1655 819 nisi
1713 754 1997 818 extracta
2042 750 2295 836 fmss‘et3
2342 770 2415 820 ut
2473 774 2603 849 ego
2649 757 2828 841 vidi,

224 838 562 921 ingentem
700 832 1072 902 diuturnam
1129 832 1451 915 populum.
1493 833 1889 914 excreviffe,
1934 829 2067 899 sola
2123 855 2284 920 aqua
2328 851 2713 918 enutritam,
2757 852 2835 904 ut

227 914 517 999 superius
559 913 874 978 enarravi.
960 910 1118 977 Non
1164 929 1325 996 ergo
1364 933 1590 998 aqueus
1624 916 1737 981 ille
1763 915 1987 998 succus
2033 931 2171 980 erat
2216 916 2386 982 adeo
2431 918 2701 998 crudus,
2749 934 2828 986 ut

224 1014 446 1064 conco
498 995 562 1058 ui
600 994 875 1059 deberet
903 992 940 1058 a
998 994 1422 1077 ermentocito
1455 995 1749 1080 diffipato
1777 996 1844 1061 dc
1885 995 2316 1081 consumpto,
2356 996 2535 1083 quod
2577 999 2646 1066 in
2674 997 2821 1076 sali·

221 1098 305 1145 ce
390 1096 475 1142 ve
544 1076 608 1140 in
656 1074 905 1159 populo
942 1093 961 1138 1
992 1075 1048 1139 la
1083 1072 1402 1140 existebat
1443 1075 1523 1140 ab
1557 1077 1770 1143 initio.

308 1127 1019 1242 s'raetereaunotandum
1055 1153 1186 1235 est,
1230 1157 1411 1239 quod
1447 1177 1484 1219 α
1527 1179 1611 1223 uae
1639 1158 1932 1222 moleculae
1968 1176 2103 1222 non
2147 1154 2293 1222 sunt
2340 1170 2579 1242 corpora
2613 1165 2821 1245 prima

201 1240 509 1325 fimplicia
527 1234 707 1319 ,‘sed
732 1235 879 1301 funt
907 1256 971 1300 co
1057 1238 1245 1316 eries,
1292 1249 1481 1321 compo
1503 1251 1603 1304 ztoe
1631 1259 1706 1304 ex
1736 1241 1947 1303 atomis
1964 1243 2191 1321 primis
2220 1240 2708 1323 elementaribus3
2754 1243 2821 1309 δε

212 1324 378 1390 ideo
409 1320 739 1384 connexio
783 1318 845 1383 ot
876 1314 1005 1382 stru
1074 1335 1181 1381 ura
1219 1319 1568 1385 earundem
1598 1321 2013 1385 molecularum
2043 1318 2296 1385 dissolvi
2326 1320 2542 1404 potest
2586 1323 2667 1388 ab
2715 1325 2816 1389 in·

218 1403 503 1481 cisione,
551 1398 723 1464 faeta
770 1399 806 1464 a
853 1396 1245 1483 corporibus
1290 1402 1494 1466 acutis
1540 1401 1945 1482 durioribus,
2001 1401 2064 1468 dt
2107 1401 2434 1469 violenter
2475 1403 2672 1470 motis
2685 1452 2709 1486 ,
2752 1404 2823 1472 δε

216 1484 383 1551 ἰέὶυε
415 1480 869 1547 inferentibus.

297 1565 385 1630 Et
415 1564 618 1647 plano
648 1580 783 1626 non
826 1579 911 1626 ne
958 1561 1120 1640 abo,
1255 1561 1345 1625 od
1388 1562 1738 1647 aliquando
1779 1562 2213 1647 potentiffima
2260 1564 2472 1649 aliqua
2503 1567 2816 1646 fer-menta

211 1644 547 1712 destruere
599 1641 877 1727 poflint,
1029 1640 1190 1708 diss'o
1219 1661 1385 1708 vere
1434 1646 1922 1710 connexionem
1983 1666 2016 1707 a
2064 1665 2307 1710 aearum
2361 1648 2817 1714 molecularum:

206 1724 325 1794 sed
360 1727 488 1790 tale
515 1725 891 1807 fermentum
932 1723 996 1789 in
1053 1723 1288 1808 plantis
1344 1744 1478 1790 non
1534 1726 1848 1806 admitto,
1895 1724 2026 1809 dup
2056 1726 2139 1790 ici
2189 1727 2459 1792 ratione.
2551 1729 2771 1795 Primo
2787 1776 2818 1810 ,

256 1811 364 1874 uia
409 1805 646 1886 video,
692 1803 871 1888 quod
913 1823 998 1869 ex
1041 1802 1385 1886 incifione,
1431 1806 1601 1874 faCta
1635 1809 1699 1871 in
1728 1806 1980 1871 summo
2010 1807 2336 1884 ramuli-uto
2365 1809 2653 1889 arboris,
2698 1829 2815 1875 ex-

269 1891 412 1955 illat
441 1905 597 1971 aqua
635 1883 832 1951 fluida
864 1880 1149 1969 ejusdem
1179 1902 1457 1969 naturae,
1502 1907 1580 1954 ac
1596 1887 1902 1968 eratilla,
2036 1892 2324 1954 aradices
2356 1891 2631 1976 irrigatae
2664 1890 2815 1956 fue-

206 1987 398 2050 rant,
442 1969 548 2032 cui
568 1983 787 2032 tamen
829 1965 1078 2033 admisti
1109 1961 1252 2031 sunt
1281 1969 1575 2052 aliisizcci
1600 1969 1833 2055 salini,
1879 1970 1935 2032 la
1997 1971 2052 2033 ei
2084 1970 2145 2035 &
2177 1974 2477 2056 pingues,
2521 1972 2812 2057 quisunt

208 2054 585 2120 condimenta
623 2043 1031 2138 superaddita
1063 2069 1089 2128 ⁶,
1145 2066 1277 2112 non
1322 2045 1505 2115 secus
1537 2097 1560 2132 ,
1620 2069 1696 2116 ac
1734 2047 1986 2133 juscula
2027 2068 2296 2133 aqueam
2331 2069 2620 2118 naturam
2654 2054 2809 2118 reti-

208 2148 417 2283 ιέὶεῐιῑ,
460 2129 496 2196 a
539 2129 871 2214 particulis
914 2132 1189 2196 carnium
1217 2175 1242 2212 ,
1285 2131 1554 2224 frugum
1597 2132 1664 2198 ὅτ.
1701 2142 2038 2196 aromatum
2078 2132 2534 2198 conturbatam
2578 2133 2640 2199 ἀ
2683 2135 2805 2201 tin·

286 2232 411 2280 am.

297 2284 364 2362 Si
409 2297 428 2360 i
476 2292 599 2361 'tur
638 2295 979 2380 imaginata
1021 2295 1131 2362 illa
1156 2297 1468 2379 fermenta
1508 2296 1870 2380 plantarum
1904 2294 2177 2361 alterare
2208 2311 2338 2361 non
2384 2294 2642 2378 possunt
2689 2290 2816 2359 suo

203 2391 411 2448 conta
480 2397 522 2441 u
550 2377 858 2457 maiorem
893 2393 1150 2523 &artem
1181 2397 1388 2462 aquoe,
1434 2377 1471 2443 ὲ
1502 2379 1804 2442 radicibus
1848 2392 2185 2459 exceptae,
2231 2376 2411 2441 nulla
2455 2379 2620 2441 ratio
2666 2371 2808 2440 sua·

202 2464 320 2530 det
349 2506 371 2540 ,
418 2476 491 2525 ut
518 2456 863 2523 diffolvant
999 2455 1421 2524 transmutent
1465 2459 1774 2545 reliquam
1815 2477 1980 2542 aquoe
2021 2474 2328 2541 partem,
2387 2475 2531 2542 quae
2575 2460 2643 2523 in
2687 2476 2804 2522 nu-

209 2544 457 2610 tritium
483 2539 739 2625 succum
770 2536 1229 2605 transformata
1276 2539 1389 2607 est.
1518 2558 1521 2561 ·
1897 2556 1903 2561 ’

293 2621 636 2701 Secundo,
726 2620 832 2683 uia
861 2620 1054 2700 dato,
1090 2622 1266 2704 quod
1293 2623 1600 2704 fermenta
1630 2620 1739 2687 illa
1769 2623 1899 2686 vim
1927 2620 2211 2687 habeant
2238 2618 2620 2686 dissolvendi
2632 2615 2811 2705 stru-

205 2702 443 2769 &uram
471 2702 687 2766 molecu
729 2720 885 2765 arum
914 2720 1114 2795 aquae,
1134 2701 1327 2768 restat
1355 2721 1671 2787 praeterea
1698 2703 1820 2767 alia
1847 2701 2105 2787 insignis
2135 2703 2197 2769 &
2229 2700 2609 2768 difficillima
2640 2720 2804 2786 ope·

200 2786 422 2864 ratio,
471 2800 611 2865 quae
651 2780 912 2847 videtur
966 2782 1362 2867 impossibile
1397 2830 1419 2863 ,
1478 2799 1550 2848 ut
1594 2783 1676 2847 ab
1722 2784 1961 2849 eodem
1986 2786 2298 2868 fermento
2337 2783 2746 2866 compleatur
2776 2804 2809 2865 ς

202 2867 357 2951 quia
387 2877 689 2947 oportet,
736 2877 810 2927 ut
843 2866 1159 2946 particulae
1206 2864 1332 2930 illae
1361 2863 1689 2958 disjunstae
1722 2864 1943 2929 de‘nuo
1988 2884 2159 2930 nova
2205 2866 2267 2931 ὅ(
2296 2862 2804 2938 artificiofissima
2899 2920 2902 2923 Α

200 2944 686 3030 compofitione
715 2946 1050 3009 unirentur
1081 2946 1141 3011 &
1172 2946 1819 3031 conglutrnarentur,
1864 2958 1936 3010 ut
1969 2946 2119 3011 inde
2164 2943 2504 3012 resultaret
2530 2942 2807 3029 struthe-

197 3050 279 3093 τα
328 3028 584 3091 nutritii
592 3025 769 3109 succi
784 3071 807 3106 ,
852 3023 1090 3091 indoils
1151 3042 1278 3093 tam
1332 3023 1598 3093 diversae
1667 3026 1751 3091 ab
1792 3047 1950 3112 aqua
1975 3026 2252 3111 simplici.
2336 3025 2524 3092 Talis
2579 3043 2806 3092 autem¹

198 3128 384 3175 nova
412 3106 802 3190 compositio
832 3107 1493 3193 videturimposfibile
1512 3156 1532 3187 ‚
1576 3120 1648 3172 ut
1666 3106 1782 3172 fiat
1813 3109 1848 3173 a
1860 3110 2201 3191 fermento,
2247 3108 2429 3189 cuius
2457 3109 2808 3191 proprium

206 3189 346 3270 est,
389 3205 590 3273 agere
633 3206 817 3253 coeca
899 3190 1172 3271 quadam
1234 3190 1298 3255 ὅ(
1344 3187 1575 3254 casuali
1619 3190 1970 3268 violentia,
2018 3190 2095 3254 ad
2146 3189 2337 3255 instar
2380 3187 2691 3268 flammae,
2733 3190 2806 3254 'Gt

202 3271 365 3336 ideo
396 3267 898 3334 destructionem
928 3270 1183 3352 potius,
1229 3289 1418 3354 quam
1445 3269 1990 3354 compositionem
2020 3271 2331 3335 inducere
2347 3268 2574 3353 poffet.
2623 3269 2806 3360 Qua·

205 3370 285 3417 re
328 3351 584 3416 videtur
616 3350 1042 3432 impoffibile,
1087 3366 1158 3415 ut
1203 3352 1240 3418 a
1268 3355 1339 3417 ‘vi
1361 3353 1655 3432 fermenti
1687 3369 1772 3415 ex
1806 3371 1966 3434 aqua
1996 3369 2154 3433 pura
2199 3350 2797 3433 componaturflac-

203 3452 322 3497 cus
364 3433 669 3496 nutritius
696 3430 1083 3515 plantarum.
1644 3434 1651 3441 ‘

284 3513 354 3579 Si
400 3512 595 3597 igitur
626 3512 928 3577 avirtute
954 3514 1327 3590 fermentitz'z’
1328 3514 1505 3598 succi
1535 3516 1679 3580 talis
1715 3533 1879 3599 aquoe
1921 3512 2205 3579 σοηεοὲἶίο
2249 3513 2322 3578 in
2371 3511 2613 3598 plantis
2655 3509 2806 3578 fieriss

197 3613 341 3662 non
372 3590 632 3677 potest,
678 3593 1025 3658 dicendum
1058 3593 1152 3659 est
1174 3642 1195 3675 ,
1243 3595 1419 3679 quod
1457 3597 1586 3660 tale
1602 3597 1976 3679 fermentum
2008 3612 2142 3659 non
2184 3591 2402 3660 existit
2428 3594 2493 3658 in
2524 3593 2808 3687 plantiS,

194 3695 356 3743 cum
389 3673 643 3740 Natura
673 3674 765 3739 nil
810 3672 1045 3739 frustra
1086 3674 1328 3757 faciat;
1373 3676 1435 3741 ὅ(
1478 3677 1630 3741 ideo
1677 3678 1769 3741 lac
1801 3676 1962 3742 illud
1994 3678 2256 3762 pingue,
2305 3676 2482 3760 quod
2528 3676 2796 3755 insolli-

115 3780 122 3785 ’
194 3758 360 3824 culis
374 3756 677 3839 seminum
701 3756 1063 3836 plantarum
1109 3759 1529 3837 continetur,
1575 3776 1708 3823 non
1743 3757 1865 3821 erit
1880 3759 2288 3839 fermentum,
2335 3754 2445 3821 sed
2497 3760 2808 3821 nutritius·

174 3838 454 3923 succus,
499 3836 775 3922 provide
802 3853 1198 3921 praeparatus
1248 3838 1285 3904 a
1314 3836 1606 3920 Natura,
1650 3855 1724 3904 ut
1764 3839 2000 3906 laetare
2043 3839 2232 3924 poffic
2292 3840 2580 3922 plantam
2627 3837 2810 3902 illam

196 3918 545 3987 tenellam.
2846 3988 2852 3994 .

1292 4015 1529 4102 (Da)
1571 4035 1624 4101 3
2237 4070 2244 4117 .·
2485 3995 2555 4091 P
2608 4025 2666 4087 R
2721 4017 2816 4089 o·-
