3419 4538
606 260 731 334 284
958 257 1118 325 Car.
1167 253 1394 322 XXII.
1453 252 1578 320 DE
1650 248 1937 320 MOTU
2011 247 2889 319 EXCANDESCENTIAE

614 418 747 466 non
782 403 973 469 valde
1017 399 1637 489 transgrederentur.
1732 398 2041 467 Similiter
2071 447 2095 482 ,
2153 398 2202 466 fi
2260 401 2670 467 intervallum
2719 399 2924 467 fucrit
2978 408 3068 469 16
3109 401 3234 469 ho·

616 500 831 550 rarum
867 531 888 565 ‚
949 485 1364 570 complentur
1406 502 1535 550 tres
1574 487 1802 568 periodi
1817 484 2082 628 t{eliriles
2127 479 2330 566 spatio
2377 483 2652 548 duorum
2687 482 2939 548 dicrum
2972 531 3000 564 ‚
3066 505 3225 570 prae-

620 563 749 636 eise
791 585 927 632 non
969 583 1158 633 erunt
1205 568 1348 630 duae
1392 570 1701 647 tertiam,
1746 563 1813 628 se
1888 584 2017 630 una
2051 567 2330 648 periodus
2356 563 2885 648 subsexquiaitera
2913 568 3064 630 diei.
3115 566 3226 631 Pa-

617 644 672 708 ri
706 648 909 713 modo
940 693 961 727 ‚
1009 645 1052 714 fi
1098 647 1514 714 intervallum
1560 645 1635 711 iit
1689 656 1766 718 18
1809 646 2112 711 horarum
2221 642 2382 709 fient
2424 665 2465 727 5
2505 648 2739 728 periodi
2779 647 3050 728 febr-fies
3097 644 3223 731 spa·

617 726 717 793 tio
753 729 946 793 trium
991 728 1264 795 dierum.
1348 728 1436 795 Et
1475 725 1523 794 fi
1565 727 1975 794 intervallum
2023 727 2097 793 fit
2143 692 2448 792 lior-arum
2489 746 2611 806 4C,
2657 725 2818 818 fient
2856 743 2998 793 tres
3047 732 3223 811 pezio-

618 809 685 873 cli
714 809 946 876 diebus
990 811 1295 894 quinque.
1383 806 1544 876 Non
1574 805 1758 874 secus
1786 808 2154 875 ratiocinari
2197 806 2525 892 poss'umus
2564 807 2647 871 de
2696 812 3116 875 intermediis
3144 812 3220 876 in·

616 891 927 956 tervallis.
1019 890 1240 983 Quare
1283 888 1516 957 falsum
1560 890 1688 956 ess'e
1730 891 1945 974 potest
1976 937 2000 972 ,
2062 891 2238 974 quod
2284 889 2348 953 in
2393 891 2694 953 continuis
2747 890 2977 972 plures
3041 894 3220 969 febres

622 971 1103 1055 complicantur
1135 1019 1157 1053 ,
1219 973 1328 1038 vel
1375 973 1595 1056 potius
1641 971 1712 1036 id
1751 973 1771 1036 i
1823 966 1957 1036 sum
2001 974 2067 1036 in
2112 967 2324 1036 nostra
2369 966 2719 1052 hypothesi
2762 968 3004 1036 salvari
3099 971 3217 1036 offe

623 1054 907 1116 videtur.
995 1053 1059 1117 Si
1108 1053 1284 1118 enirn
1315 1071 1544 1118 verum
1589 1050 1684 1118 est
1731 989 1836 1134 kf,
1878 1052 2058 1137 quod
2097 1052 2292 1136 aliqui
2340 1050 2592 1115 Medici
2638 1046 2704 1113 se
2746 1048 3031 1117 observa
3089 1073 3124 1117 e
3162 1073 3213 1118 a·

618 1133 799 1215 junt,
847 1132 1145 1217 distingui
1174 1135 1382 1216 febres
1424 1136 1805 1217 complicatas
1837 1181 1861 1215 ,
1924 1133 2165 1199 nedum
2204 1132 2422 1217 quoad
2463 1143 2727 1215 tempora
2766 1131 3213 1214 accensionum,

622 1211 738 1279 sed
783 1213 979 1280 etiam
1025 1217 1241 1298 quoad
1275 1215 1744 1301 symptomatum
1786 1216 2192 1280 varietatem.
2278 1210 2480 1278 Tunc
2526 1211 2871 1278 considero
2989 1217 3166 1300 quod
3191 1263 3211 1295 ,

625 1295 791 1361 ficut
823 1295 1123 1361 videmus
1151 1342 1176 1376 ‚
1222 1296 1304 1362 ab
1345 1293 1691 1381 apostemate
1739 1296 2016 1361 extremi
2047 1297 2220 1379 pedis
2244 1294 2479 1373 febrem
2520 1294 2845 1373 excitari,
2947 1314 2986 1360 c
3033 1298 3211 1362 etiam

624 1377 767 1443 fieri
813 1374 1035 1459 potest
1068 1423 1088 1457 ,
1151 1390 1225 1441 ut
1269 1378 1335 1442 in
1384 1377 1632 1443 duabus
1669 1376 1980 1462 glandulis
2024 1374 2371 1460 insignibus
2416 1372 2572 1440 fiant
2599 1374 2743 1440 duae
2787 1375 3096 1444 distincte
3132 1383 3210 1443 ob·

651 1455 979 1524 trustiones
1008 1504 1032 1538 ,
1091 1475 1234 1543 quae
1280 1455 1546 1524 divertis
1593 1475 1726 1525 tem
1823 1457 1998 1524 ribus
2050 1474 2421 1521 extremum
2544 1455 2736 1522 adum
2798 1467 2909 1522 tur
2954 1464 3125 1524 entia
3157 1460 3207 1525 dt

657 1541 1106 1604 erinentationis
1148 1558 1225 1604 ac
1272 1540 1483 1605 uirant
1513 1586 1537 1620 ‚
1592 1541 1655 1606 ὁ(
1691 1541 1712 1606 i
1761 1558 1846 1604 eo
1889 1535 2150 1605 diverfis
2195 1538 2476 1622 tempori
2526 1553 2600 1601 us
2641 1557 2857 1603 nervos
3007 1560 3104 1604 cor
3137 1542 3200 1605 ir·

624 1622 846 1686 ritent.
888 1702 903 1714 ·
934 1620 1022 1685 Et
1076 1617 1164 1686 fic
1220 1557 1444 1687 §alvari
1503 1621 1681 1705 poffe
1740 1619 2004 1686 videtur
2032 1666 2054 1701 ‚
2119 1618 2296 1702 quod
2342 1617 2486 1712 ‘duo
2525 1617 2879 1703 pmoxffmi
2943 1620 3196 1686 habeant

627 1703 785 1767 duas
817 1719 1133 1784 mineras,
1174 1697 1288 1769 seu
1327 1700 1527 1769 focos
1554 1749 1579 1785 ,
1627 1703 1736 1789 qui
1765 1698 2031 1786 diverfis
2075 1701 2484 1785 temporibus
2527 1696 3017 1769 fermententur
3044 1703 3196 1782 &aeq

627 1782 1009 1851 cendantur.

1023 1974 2067 2069 PRoPosi‘rIo
2176 1971 2829 2128 CCXXXlI.

619 2098 643 2140 t

618 2194 628 2295 s
675 2207 806 2295 De
844 2210 1188 2309 aliarum
1224 2203 1801 2300 excandescen
1810 2206 2110 2297 tiarum
2157 2204 2271 2312 ἐρ’
2325 2204 3147 2324 symptomaticarum

1571 2321 1940 2416 febrium
1995 2318 2279 2410 causis,

700 2542 949 2614 Praeter
980 2552 1315 2632 periodicas
1356 2548 1564 2631 febres
1606 2548 1840 2614 dantur
1887 2544 2027 2612 aliae
2072 2543 2567 2629 excandfienti'ae
2592 2592 2614 2627 ‚
2660 2565 2818 2631 quas
2866 2567 3090 2615 omnes
3119 2542 3180 2609 ab

621 2626 852 2692 eadem
898 2632 1073 2708 causa
1115 2631 1404 2715 superius
1452 2650 1534 2696 ex
1588 2629 1745 2696 ofita
1791 2627 2067 2712 produci
2117 2626 2302 2711 posse
2349 2625 2787 2694 ostendemus.
2881 2628 2974 2695 Et
3013 2629 3189 2714 primo

618 2709 1177 2779 animadversione
1227 2712 1421 2796 digna
1472 2729 1509 2774 e
1605 2713 1796 2794 febris
1842 2710 2205 2777 catarrbalis
2237 2755 2260 2789 ,
2307 2726 2452 2793 quae
2497 2708 2536 2774 a
2572 2711 2819 2796 frigore
2866 2701 3191 2795 improviso

667 2789 893 2857 roduci
938 2790 1107 2858 solet
1139 2840 1161 2875 ‚
1208 2793 1271 2858 ἂ
1299 2792 1640 2860 multoties
1734 2790 1780 2857 si
1810 2791 1902 2855 ob
1936 2790 2322 2857 exercitium
2366 2804 2477 2854 aut
2519 2808 2770 2857 moram
2817 2792 2886 2858 in
2932 2794 3085 2858 loco
3110 2809 3197 2854 ca·

617 2806 835 2937 fidiori
859 2873 1051 2957 sudor
1096 2875 1423 2940 excitetur
1452 2921 1474 2955 ,
1521 2889 1595 2939 ut
1639 2838 2054 2956 si'iperveniat
2096 2871 2717 2957 aurafrigidiuscula‚
2764 2888 2922 2940 tunc
3005 2888 3196 2955 uoque

615 2952 717 3014 ai’r
752 2956 1120 3019 communis
1148 3002 1169 3036 ,
1217 2951 1666 3020 insenfibiliter
1695 2952 2116 3038 refrigeratus
2202 2954 2552 3019 catarrhum
2587 2956 2856 3021 excitat.
2945 2893 3078 3022 fito
3105 2972 3197 3018 ex·

616 3029 940 3113 politione
982 3036 1165 3118 causoe
1198 3037 1260 3102 δι
1292 3037 1445 3098 modi
1478 3035 1889 3118 productionis
1933 3036 2070 3118 ejus
2114 3000 2612 3130 supponendum
2658 3035 2754 3102 est
2784 3083 2807 3117 ,
2865 3038 3105 3103 nedum
3143 3036 3197 3100 in

617 3126 888 3197 externa
932 3111 1151 3209 nostra
1174 3118 1410 3209 facie„
1434 3117 1574 3180 collo
1603 3118 1666 3185 &
1707 3120 1909 3183 buccis
1941 3116 2151 3183 adesse
2197 3115 2476 3201 insignes
2520 3117 2585 3183 &
2629 3118 3005 3185 innumeras
3038 3119 3198 3213 gian-

613 3194 842 3274 dulas3
905 3191 1015 3261 sed
1061 3215 1254 3263 etiam
1301 3194 1662 3264 universam
1714 3211 1907 3265 cutem
1949 3201 2151 3265 totius
2206 3199 2508 3282 corporis
2573 3200 2903 3266 abundare
2967 3199 3196 3284 exiguis

604 3275 919 3424 {laudatis
948 3325 970 3359 ,
1043 3297 1194 3345 cum
1257 3275 1382 3345 suis
1428 3284 1867 3429 prZaginibus
1913 3300 2237 3346 nervorum
2278 3278 2341 3345 ἀ
2391 3281 2621 3346 tubulis
2676 3280 3031 3366 sudoriftcis
3059 3328 3081 3362 ‚
3135 3296 3196 3344 ut

674 3358 855 3424 lariss'.
904 3359 1473 3427 MALpicmus
1609 3364 1715 3429 alii
1760 3363 2166 3428 recentiores
2206 3360 2583 3428 Anatomici
2611 3361 3056 3430 observarunt.
3097 3361 3194 3428 Er·

611 3458 701 3522 go
749 3439 784 3507 a
812 3442 1057 3527 frigore
1085 3441 1589 3528 superveniente
1673 3444 1780 3510 vel
1816 3443 1898 3508 ab
1941 3463 2098 3508 aura
2119 3441 2600 3531 frigidiuscula,
2646 3462 2754 3510 aut
2797 3444 2835 3510 a
2877 3456 3061 3511 vento
3099 3460 3188 3509 ne·

613 3515 781 3585 cffffe
818 3520 955 3602 est,
1001 3540 1075 3589 ut
1106 3523 1495 3609 impediatur
1614 3529 1869 3604 avium,
1917 3524 2093 3610 quod
2124 3542 2208 3588 ex
2239 3525 2546 3590 canalibus
2571 3529 2930 3592 excretoiiis
2954 3528 3185 3613 glandu-

609 3602 807 3696 larum
831 3602 1242 3687 stidorificis,
1266 3606 1328 3673 ὅ(
1363 3618 1507 3670 tran
1527 3609 1828 3690 pirationi
1875 3603 2194 3686 infhnfibili
2238 3603 2573 3673 destinatis
2603 3655 2625 3688 ,
2673 3607 2996 3674 continuo

607 3684 784 3749 ditur
816 3730 836 3764 ,
884 3703 1018 3750 non
1049 3683 1230 3753 secus
1275 3705 1352 3752 ac
1403 3686 1615 3753 fluxus
1661 3706 1842 3772 aquae
1887 3707 1972 3753 ex
2017 3685 2281 3771 virgulis
2326 3683 2803 3757 fonticulorum
2858 3691 2948 3756 im
3003 3709 3042 3755 e
3109 3702 3182 3752 tur

605 3768 643 3834 ἐι
687 3766 869 3830 venti
915 3771 1239 3833 contraria
1280 3770 1715 3853 percuffione.
1807 3768 2034 3863 Quare
2060 3768 2237 3852 succi
2267 3768 2329 3834 δε
2350 3772 2707 3854 particula,
2799 3790 2897 3836 uae
3006 3768 3180 3857 fonti-

600 3850 755 3914 culis
800 3850 959 3913 cutis
1007 3849 1237 3915 exilire
1283 3849 1650 3918 debuerant
1680 3898 1704 3932 ,
1767 3848 2019 3916 ibidem
2064 3853 2461 3916 coercentur
2490 3898 2512 3932 ,
2571 3869 2686 3919 aut
2730 3853 2775 3919 fi
2837 3869 3084 3935 untur3
3134 3847 3182 3914 δι

598 3934 756 4000 ideo
803 3928 1100 3995 cohiberi
1134 3929 1195 3995 &
1238 3928 1420 3997 fixari
1476 3947 1852 4017 coguntur:
1915 3949 2000 3996 ex
2046 3949 2171 4016 qua
2213 3950 2399 3998 mora
2443 3932 2506 3999 ἃ
2534 3931 2853 4002 fixatione
2895 3932 3184 4021 obstrufflo

587 4028 872 4100 peroram
908 4006 1336 4096 subsequitur.
1421 4010 1636 4082 Porro
1684 4011 1858 4082 faeta
1903 4012 2020 4082 tali
2064 4008 2489 4099 obstructione,
2532 4016 2771 4103 reliqui
2795 4015 2975 4106 succi
3000 4029 3188 4161 ηανὲ
