<?xml version="1.0" encoding="UTF-8"?>
<!DOCTYPE html PUBLIC "-//W3C//DTD XHTML 1.0 Transitional//EN"
    "http://www.w3.org/TR/xhtml1/DTD/xhtml1-transitional.dtd">
<html xmlns="http://www.w3.org/1999/xhtml" xml:lang="en" lang="en">
 <head>
  <title>
</title>
<meta http-equiv="Content-Type" content="text/html;charset=utf-8" />
  <meta name='ocr-system' content='tesseract 3.04.00' />
  <meta name='ocr-capabilities' content='ocr_page ocr_carea ocr_par ocr_line ocrx_word'/>
</head>
<body>
  <div class='ocr_page' id='page_1' title='image "./demotuanimalium00jesugoog_0305.png"; bbox 0 0 3419 4538; ppageno 0'>
   <div class='ocr_carea' id='block_1_1' title="bbox 679 142 2912 257">
    <p class='ocr_par' dir='ltr' id='par_1_1' title="bbox 679 142 2912 257">
     <span class='ocr_line' id='line_1_1' title="bbox 679 142 2912 257; baseline 0 -32"><span class='ocrx_word' id='word_1_1' title='bbox 679 142 1039 226; x_wconf 80' lang='lat' dir='ltr'>vlTALl&#39;s</span> <span class='ocrx_word' id='word_1_2' title='bbox 1086 148 1848 257; x_wconf 66' lang='lat' dir='ltr'>CONTRACTIONIS</span> <span class='ocrx_word' id='word_1_3' title='bbox 1894 152 2568 226; x_wconf 88' lang='lat' dir='ltr'><strong>MUSCULORUM.</strong></span> <span class='ocrx_word' id='word_1_4' title='bbox 2801 178 2912 249; x_wconf 72' lang='lat'>‘37</span> 
     </span>
    </p>
   </div>
   <div class='ocr_carea' id='block_1_2' title="bbox 788 374 2394 475">
    <p class='ocr_par' dir='ltr' id='par_1_2' title="bbox 788 374 2394 475">
     <span class='ocr_line' id='line_1_2' title="bbox 788 374 2394 475; baseline 0 -7"><span class='ocrx_word' id='word_1_5' title='bbox 788 374 1833 468; x_wconf 65' lang='lat' dir='ltr'>Pnoposmm</span> <span class='ocrx_word' id='word_1_6' title='bbox 1948 377 2394 475; x_wconf 88' lang='lat' dir='ltr'>XXVII.</span> 
     </span>
    </p>
   </div>
   <div class='ocr_carea' id='block_1_3' title="bbox 406 589 2877 829">
    <p class='ocr_par' dir='ltr' id='par_1_3' title="bbox 406 589 2877 829">
     <span class='ocr_line' id='line_1_3' title="bbox 406 589 2877 716; baseline -0.004 -19"><span class='ocrx_word' id='word_1_7' title='bbox 406 604 825 711; x_wconf 66' lang='lat' dir='ltr'>illecefftas</span> <span class='ocrx_word' id='word_1_8' title='bbox 856 602 968 708; x_wconf 76' lang='lat'>&amp;²</span> <span class='ocrx_word' id='word_1_9' title='bbox 999 602 1254 688; x_wconf 80' lang='lat' dir='ltr'>modus</span> <span class='ocrx_word' id='word_1_10' title='bbox 1285 589 1750 687; x_wconf 71' lang='lat' dir='ltr'>mechtinicus</span> <span class='ocrx_word' id='word_1_11' title='bbox 1766 660 1792 701; x_wconf 89' lang='lat'><strong><em>,</em></strong></span> <span class='ocrx_word' id='word_1_12' title='bbox 1847 630 1995 716; x_wconf 85' lang='lat' dir='ltr'>quo</span> <span class='ocrx_word' id='word_1_13' title='bbox 2027 598 2407 689; x_wconf 85' lang='lat' dir='ltr'>ebullitio</span> <span class='ocrx_word' id='word_1_14' title='bbox 2449 606 2562 712; x_wconf 73' lang='lat'>&amp;⁹</span> <span class='ocrx_word' id='word_1_15' title='bbox 2598 606 2812 694; x_wconf 86' lang='lat' dir='ltr'>intu-</span> <span class='ocrx_word' id='word_1_16' title='bbox 2868 656 2877 663; x_wconf 86' lang='lat'><strong>·</strong></span> 
     </span>
     <span class='ocr_line' id='line_1_4' title="bbox 571 710 2644 829; baseline 0 -24"><span class='ocrx_word' id='word_1_17' title='bbox 571 714 1022 805; x_wconf 88' lang='lat' dir='ltr'>mescentia</span> <span class='ocrx_word' id='word_1_18' title='bbox 1055 722 1139 800; x_wconf 83' lang='lat' dir='ltr'>in</span> <span class='ocrx_word' id='word_1_19' title='bbox 1173 710 1558 798; x_wconf 84' lang='lat' dir='ltr'>musculis</span> <span class='ocrx_word' id='word_1_20' title='bbox 1577 717 1777 823; x_wconf 76' lang='lat' dir='ltr'>fieri</span> <span class='ocrx_word' id='word_1_21' title='bbox 1823 715 2104 829; x_wconf 72' lang='lat' dir='ltr'>potest,</span> <span class='ocrx_word' id='word_1_22' title='bbox 2163 716 2644 806; x_wconf 83' lang='lat' dir='ltr'><em>declaratur.</em></span> 
     </span>
    </p>
   </div>
   <div class='ocr_carea' id='block_1_4' title="bbox 287 913 2933 3933">
    <p class='ocr_par' dir='ltr' id='par_1_4' title="bbox 306 913 2907 1725">
     <span class='ocr_line' id='line_1_5' title="bbox 388 913 2900 1025; baseline -0 -22"><span class='ocrx_word' id='word_1_23' title='bbox 388 913 634 1003; x_wconf 68' lang='lat' dir='ltr'>Procul</span> <span class='ocrx_word' id='word_1_24' title='bbox 668 935 873 1003; x_wconf 79' lang='lat' dir='ltr'>dubio</span> <span class='ocrx_word' id='word_1_25' title='bbox 901 931 1130 1017; x_wconf 80' lang='lat' dir='ltr'>inflatio</span> <span class='ocrx_word' id='word_1_26' title='bbox 1157 933 1222 999; x_wconf 73' lang='lat' dir='ltr'>Gt</span> <span class='ocrx_word' id='word_1_27' title='bbox 1249 931 1702 1018; x_wconf 73' lang='lat' dir='ltr'>detumescentia</span> <span class='ocrx_word' id='word_1_28' title='bbox 1733 932 2123 1025; x_wconf 81' lang='lat' dir='ltr'>musculorum</span> <span class='ocrx_word' id='word_1_29' title='bbox 2152 979 2177 1014; x_wconf 91' lang='lat'><strong>,</strong></span> <span class='ocrx_word' id='word_1_30' title='bbox 2221 951 2362 1020; x_wconf 79' lang='lat' dir='ltr'>quae</span> <span class='ocrx_word' id='word_1_31' title='bbox 2404 936 2485 1003; x_wconf 87' lang='lat' dir='ltr'>ab</span> <span class='ocrx_word' id='word_1_32' title='bbox 2526 940 2766 1020; x_wconf 72' lang='lat' dir='ltr'>imperIo</span> <span class='ocrx_word' id='word_1_33' title='bbox 2796 956 2900 1002; x_wconf 83' lang='lat' dir='ltr'>vo·</span> 
     </span>
     <span class='ocr_line' id='line_1_6' title="bbox 307 1014 2877 1101; baseline -0.001 -18"><span class='ocrx_word' id='word_1_34' title='bbox 307 1020 575 1083; x_wconf 78' lang='lat' dir='ltr'>luntatis</span> <span class='ocrx_word' id='word_1_35' title='bbox 607 1015 683 1081; x_wconf 88' lang='lat' dir='ltr'>fit</span> <span class='ocrx_word' id='word_1_36' title='bbox 717 1030 1058 1081; x_wconf 89' lang='lat' dir='ltr'>momento</span> <span class='ocrx_word' id='word_1_37' title='bbox 1078 1060 1101 1094; x_wconf 88' lang='lat'><em>,</em></span> <span class='ocrx_word' id='word_1_38' title='bbox 1144 1014 1327 1079; x_wconf 91' lang='lat' dir='ltr'>nullo</span> <span class='ocrx_word' id='word_1_39' title='bbox 1357 1014 1558 1077; x_wconf 89' lang='lat' dir='ltr'>modo</span> <span class='ocrx_word' id='word_1_40' title='bbox 1586 1014 1835 1097; x_wconf 78' lang='lat' dir='ltr'>percipi</span> <span class='ocrx_word' id='word_1_41' title='bbox 1915 1014 2336 1101; x_wconf 77' lang='lat' dir='ltr'>offet3immo</span> <span class='ocrx_word' id='word_1_42' title='bbox 2369 1016 2877 1089; x_wconf 80' lang='lat' dir='ltr'>existimaremus</span> 
     </span>
     <span class='ocr_line' id='line_1_7' title="bbox 310 1031 2906 1187; baseline -0.001 -23"><span class='ocrx_word' id='word_1_43' title='bbox 310 1117 460 1164; x_wconf 81' lang='lat' dir='ltr'>eam</span> <span class='ocrx_word' id='word_1_44' title='bbox 494 1094 626 1162; x_wconf 82' lang='lat' dir='ltr'>ess&#39;e</span> <span class='ocrx_word' id='word_1_45' title='bbox 659 1094 1110 1181; x_wconf 72' lang='lat' dir='ltr'>impossibilem</span> <span class='ocrx_word' id='word_1_46' title='bbox 1138 1140 1162 1175; x_wconf 89' lang='lat'>,</span> <span class='ocrx_word' id='word_1_47' title='bbox 1207 1092 1321 1158; x_wconf 86' lang='lat' dir='ltr'>nifi</span> <span class='ocrx_word' id='word_1_48' title='bbox 1353 1093 1801 1186; x_wconf 73' lang='lat' dir='ltr'>experimenta</span> <span class='ocrx_word' id='word_1_49' title='bbox 1830 1031 2127 1187; x_wconf 60' lang='lat' dir='ltr'>cssymica</span> <span class='ocrx_word' id='word_1_50' title='bbox 2171 1092 2506 1161; x_wconf 85' lang='lat' dir='ltr'>suaderent</span> <span class='ocrx_word' id='word_1_51' title='bbox 2538 1145 2560 1178; x_wconf 91' lang='lat'>‚</span> <span class='ocrx_word' id='word_1_52' title='bbox 2602 1092 2821 1181; x_wconf 79' lang='lat' dir='ltr'>p‘assim</span> <span class='ocrx_word' id='word_1_53' title='bbox 2867 1063 2906 1161; x_wconf 65' lang='grc' dir='ltr'>ἷι</span> 
     </span>
     <span class='ocr_line' id='line_1_8' title="bbox 306 1169 2904 1270; baseline 0 -27"><span class='ocrx_word' id='word_1_54' title='bbox 306 1176 572 1244; x_wconf 86' lang='lat' dir='ltr'>Natura</span> <span class='ocrx_word' id='word_1_55' title='bbox 614 1175 756 1241; x_wconf 83' lang='lat' dir='ltr'>fieri</span> <span class='ocrx_word' id='word_1_56' title='bbox 788 1195 829 1239; x_wconf 93' lang='lat'><em>0</em></span> <span class='ocrx_word' id='word_1_57' title='bbox 881 1176 1203 1239; x_wconf 74' lang='lat' dir='ltr'>erutiones</span> <span class='ocrx_word' id='word_1_58' title='bbox 1235 1169 1467 1237; x_wconf 79' lang='lat' dir='ltr'>ssmiles</span> <span class='ocrx_word' id='word_1_59' title='bbox 1510 1173 1658 1237; x_wconf 78' lang='lat' dir='ltr'>illis.</span> <span class='ocrx_word' id='word_1_60' title='bbox 1720 1172 1899 1238; x_wconf 87' lang='lat' dir='ltr'>Sales</span> <span class='ocrx_word' id='word_1_61' title='bbox 1930 1192 2104 1239; x_wconf 86' lang='lat' dir='ltr'>emm</span> <span class='ocrx_word' id='word_1_62' title='bbox 2138 1173 2315 1241; x_wconf 87' lang='lat' dir='ltr'>fluidi</span> <span class='ocrx_word' id='word_1_63' title='bbox 2349 1179 2410 1242; x_wconf 66' lang='grc' dir='ltr'>ὃ(</span> <span class='ocrx_word' id='word_1_64' title='bbox 2442 1178 2727 1270; x_wconf 83' lang='lat' dir='ltr'>liquores</span> <span class='ocrx_word' id='word_1_65' title='bbox 2751 1195 2904 1243; x_wconf 82' lang='lat' dir='ltr'>ace·</span> 
     </span>
     <span class='ocr_line' id='line_1_9' title="bbox 311 1251 2904 1339; baseline 0 -17"><span class='ocrx_word' id='word_1_66' title='bbox 311 1257 433 1323; x_wconf 83' lang='lat' dir='ltr'>tofi</span> <span class='ocrx_word' id='word_1_67' title='bbox 478 1255 797 1322; x_wconf 87' lang='lat' dir='ltr'>commisti</span> <span class='ocrx_word' id='word_1_68' title='bbox 872 1254 1202 1339; x_wconf 85' lang='lat' dir='ltr'>iquoribus</span> <span class='ocrx_word' id='word_1_69' title='bbox 1228 1251 1440 1317; x_wconf 86' lang='lat' dir='ltr'>salinis</span> <span class='ocrx_word' id='word_1_70' title='bbox 1488 1253 1751 1317; x_wconf 84' lang='lat' dir='ltr'>alterius</span> <span class='ocrx_word' id='word_1_71' title='bbox 1781 1255 2075 1337; x_wconf 73' lang='lat' dir='ltr'>generis,</span> <span class='ocrx_word' id='word_1_72' title='bbox 2119 1253 2368 1321; x_wconf 84' lang='lat' dir='ltr'>scilicet</span> <span class='ocrx_word' id='word_1_73' title='bbox 2411 1256 2551 1322; x_wconf 74' lang='lat' dir='ltr'>fixis</span> <span class='ocrx_word' id='word_1_74' title='bbox 2595 1277 2708 1322; x_wconf 87' lang='lat' dir='ltr'>aut</span> <span class='ocrx_word' id='word_1_75' title='bbox 2735 1258 2904 1322; x_wconf 83' lang='lat' dir='ltr'>alca·</span> 
     </span>
     <span class='ocr_line' id='line_1_10' title="bbox 314 1333 2907 1419; baseline -0.001 -16"><span class='ocrx_word' id='word_1_76' title='bbox 314 1334 547 1416; x_wconf 63' lang='lat' dir='ltr'>Uatis,</span> <span class='ocrx_word' id='word_1_77' title='bbox 592 1337 1046 1401; x_wconf 86' lang='lat' dir='ltr'><strong>ebullitionem</strong></span> <span class='ocrx_word' id='word_1_78' title='bbox 1078 1335 1142 1399; x_wconf 73' lang='grc' dir='ltr'>δι</span> <span class='ocrx_word' id='word_1_79' title='bbox 1166 1333 1397 1398; x_wconf 68' lang='lat' dir='ltr'>luctam</span> <span class='ocrx_word' id='word_1_80' title='bbox 1431 1334 1741 1398; x_wconf 85' lang='lat' dir='ltr'>excitant.</span> <span class='ocrx_word' id='word_1_81' title='bbox 1827 1335 1912 1398; x_wconf 87' lang='lat' dir='ltr'>Et</span> <span class='ocrx_word' id='word_1_82' title='bbox 1942 1336 2117 1417; x_wconf 84' lang='lat' dir='ltr'>quod</span> <span class='ocrx_word' id='word_1_83' title='bbox 2145 1338 2472 1419; x_wconf 85' lang='lat' dir='ltr'>praecipue</span> <span class='ocrx_word' id='word_1_84' title='bbox 2508 1342 2588 1403; x_wconf 89' lang='lat' dir='ltr'>ad</span> <span class='ocrx_word' id='word_1_85' title='bbox 2620 1356 2758 1403; x_wconf 89' lang='lat' dir='ltr'>rem</span> <span class='ocrx_word' id='word_1_86' title='bbox 2787 1356 2907 1401; x_wconf 89' lang='lat' dir='ltr'>no·</span> 
     </span>
     <span class='ocr_line' id='line_1_11' title="bbox 316 1411 2904 1503; baseline -0 -22"><span class='ocrx_word' id='word_1_87' title='bbox 316 1416 513 1482; x_wconf 83' lang='lat' dir='ltr'>stram</span> <span class='ocrx_word' id='word_1_88' title='bbox 555 1413 752 1495; x_wconf 84' lang='lat' dir='ltr'>facit,</span> <span class='ocrx_word' id='word_1_89' title='bbox 800 1415 894 1480; x_wconf 87' lang='lat' dir='ltr'>est</span> <span class='ocrx_word' id='word_1_90' title='bbox 937 1415 1454 1498; x_wconf 80' lang='lat' dir='ltr'>experimentum</span> <span class='ocrx_word' id='word_1_91' title='bbox 1497 1414 1535 1478; x_wconf 68' lang='lat' dir='ltr'>a</span> <span class='ocrx_word' id='word_1_92' title='bbox 1579 1411 1923 1478; x_wconf 68' lang='lat' dir='ltr'>Wltmsio</span> <span class='ocrx_word' id='word_1_93' title='bbox 1966 1415 2241 1480; x_wconf 85' lang='lat' dir='ltr'>relatum</span> <span class='ocrx_word' id='word_1_94' title='bbox 2268 1463 2294 1497; x_wconf 88' lang='lat'>‚</span> <span class='ocrx_word' id='word_1_95' title='bbox 2354 1418 2530 1500; x_wconf 80' lang='lat' dir='ltr'>quod</span> <span class='ocrx_word' id='word_1_96' title='bbox 2571 1418 2615 1485; x_wconf 80' lang='lat' dir='ltr'>si</span> <span class='ocrx_word' id='word_1_97' title='bbox 2659 1418 2904 1503; x_wconf 77' lang='lat' dir='ltr'>sangui·</span> 
     </span>
     <span class='ocr_line' id='line_1_12' title="bbox 320 1490 2901 1582; baseline 0 -21"><span class='ocrx_word' id='word_1_98' title='bbox 320 1500 427 1575; x_wconf 81' lang='lat' dir='ltr'>ni,</span> <span class='ocrx_word' id='word_1_99' title='bbox 474 1496 623 1560; x_wconf 88' lang='lat' dir='ltr'>dum</span> <span class='ocrx_word' id='word_1_100' title='bbox 666 1491 1037 1574; x_wconf 83' lang='lat' dir='ltr'>incalescit,</span> <span class='ocrx_word' id='word_1_101' title='bbox 1084 1492 1400 1558; x_wconf 79' lang='lat' dir='ltr'>infuderis</span> <span class='ocrx_word' id='word_1_102' title='bbox 1443 1490 1732 1576; x_wconf 86' lang='lat' dir='ltr'>spiritum</span> <span class='ocrx_word' id='word_1_103' title='bbox 1785 1495 1968 1573; x_wconf 86' lang='lat' dir='ltr'>vini,</span> <span class='ocrx_word' id='word_1_104' title='bbox 2014 1512 2220 1560; x_wconf 88' lang='lat' dir='ltr'>cornu</span> <span class='ocrx_word' id='word_1_105' title='bbox 2265 1498 2497 1577; x_wconf 89' lang='lat' dir='ltr'>cervi,</span> <span class='ocrx_word' id='word_1_106' title='bbox 2558 1491 2846 1582; x_wconf 81' lang='lat' dir='ltr'>fuliginis</span> <span class='ocrx_word' id='word_1_107' title='bbox 2876 1542 2901 1577; x_wconf 86' lang='lat'><strong>,</strong></span> 
     </span>
     <span class='ocr_line' id='line_1_13' title="bbox 314 1569 2905 1658; baseline 0.002 -21"><span class='ocrx_word' id='word_1_108' title='bbox 314 1575 604 1655; x_wconf 77' lang='lat' dir='ltr'>viti-ioli,</span> <span class='ocrx_word' id='word_1_109' title='bbox 645 1576 893 1641; x_wconf 85' lang='lat' dir='ltr'>aliusve</span> <span class='ocrx_word' id='word_1_110' title='bbox 936 1574 1241 1657; x_wconf 73' lang='lat' dir='ltr'>liquoris»,</span> <span class='ocrx_word' id='word_1_111' title='bbox 1285 1573 1575 1656; x_wconf 79' lang='lat' dir='ltr'>inprimis</span> <span class='ocrx_word' id='word_1_112' title='bbox 1615 1569 1934 1658; x_wconf 82' lang='lat' dir='ltr'>spirituofi</span> <span class='ocrx_word' id='word_1_113' title='bbox 1977 1592 2087 1642; x_wconf 79' lang='lat' dir='ltr'>aut</span> <span class='ocrx_word' id='word_1_114' title='bbox 2132 1573 2352 1657; x_wconf 83' lang='lat' dir='ltr'>salini,</span> <span class='ocrx_word' id='word_1_115' title='bbox 2393 1578 2558 1644; x_wconf 76' lang='lat' dir='ltr'>mira</span> <span class='ocrx_word' id='word_1_116' title='bbox 2605 1578 2905 1643; x_wconf 84' lang='lat' dir='ltr'>ebullitio</span> 
     </span>
     <span class='ocr_line' id='line_1_14' title="bbox 310 1654 1252 1725; baseline -0.006 -2"><span class='ocrx_word' id='word_1_117' title='bbox 310 1657 376 1725; x_wconf 71' lang='grc' dir='ltr'>ἂ</span> <span class='ocrx_word' id='word_1_118' title='bbox 415 1654 908 1721; x_wconf 81' lang='lat' dir='ltr'>effervescentia</span> <span class='ocrx_word' id='word_1_119' title='bbox 938 1655 1252 1719; x_wconf 81' lang='lat' dir='ltr'>exoritur.</span> 
     </span>
    </p>

    <p class='ocr_par' dir='ltr' id='par_1_5' title="bbox 307 1734 2909 2128">
     <span class='ocr_line' id='line_1_15' title="bbox 394 1734 2909 1821; baseline 0.001 -19"><span class='ocrx_word' id='word_1_120' title='bbox 394 1736 566 1803; x_wconf 86' lang='lat' dir='ltr'>Cum</span> <span class='ocrx_word' id='word_1_121' title='bbox 610 1755 814 1821; x_wconf 86' lang='lat' dir='ltr'>porro</span> <span class='ocrx_word' id='word_1_122' title='bbox 845 1734 1138 1801; x_wconf 81' lang='lat' dir='ltr'>dubitare</span> <span class='ocrx_word' id='word_1_123' title='bbox 1182 1752 1314 1798; x_wconf 88' lang='lat' dir='ltr'>non</span> <span class='ocrx_word' id='word_1_124' title='bbox 1355 1734 1699 1817; x_wconf 86' lang='lat' dir='ltr'>poffimus,</span> <span class='ocrx_word' id='word_1_125' title='bbox 1726 1735 1977 1820; x_wconf 78' lang='lat' dir='ltr'>succum</span> <span class='ocrx_word' id='word_1_126' title='bbox 2024 1736 2093 1803; x_wconf 84' lang='lat' dir='ltr'>in</span> <span class='ocrx_word' id='word_1_127' title='bbox 2131 1741 2338 1804; x_wconf 80' lang='lat' dir='ltr'>nervis</span> <span class='ocrx_word' id='word_1_128' title='bbox 2370 1737 2407 1805; x_wconf 76' lang='lat' dir='ltr'>a</span> <span class='ocrx_word' id='word_1_129' title='bbox 2449 1742 2683 1805; x_wconf 74' lang='lat' dir='ltr'>cerebro</span> <span class='ocrx_word' id='word_1_130' title='bbox 2723 1758 2909 1805; x_wconf 84' lang='lat' dir='ltr'>com·</span> 
     </span>
     <span class='ocr_line' id='line_1_16' title="bbox 309 1814 2903 1901; baseline -0.001 -14"><span class='ocrx_word' id='word_1_131' title='bbox 309 1818 714 1888; x_wconf 75' lang='lat' dir='ltr'>manicatum</span> <span class='ocrx_word' id='word_1_132' title='bbox 753 1816 994 1881; x_wconf 88' lang='lat' dir='ltr'>summe</span> <span class='ocrx_word' id='word_1_133' title='bbox 1016 1814 1405 1899; x_wconf 81' lang='lat' dir='ltr'>spirituosam</span> <span class='ocrx_word' id='word_1_134' title='bbox 1433 1860 1454 1895; x_wconf 90' lang='lat'>‚</span> <span class='ocrx_word' id='word_1_135' title='bbox 1493 1816 1761 1899; x_wconf 79' lang='lat' dir='ltr'>salinam</span> <span class='ocrx_word' id='word_1_136' title='bbox 1804 1820 1865 1884; x_wconf 75' lang='grc' dir='ltr'>ἀ</span> <span class='ocrx_word' id='word_1_137' title='bbox 1919 1820 2223 1884; x_wconf 72' lang='lat' dir='ltr'>volatilem</span> <span class='ocrx_word' id='word_1_138' title='bbox 2268 1836 2561 1887; x_wconf 85' lang='lat' dir='ltr'>naturam</span> <span class='ocrx_word' id='word_1_139' title='bbox 2603 1821 2853 1885; x_wconf 71' lang='lat' dir='ltr'>babere</span> <span class='ocrx_word' id='word_1_140' title='bbox 2878 1866 2903 1901; x_wconf 91' lang='lat'><strong>,</strong></span> 
     </span>
     <span class='ocr_line' id='line_1_17' title="bbox 307 1891 2907 1980; baseline 0.002 -19"><span class='ocrx_word' id='word_1_141' title='bbox 307 1918 455 1967; x_wconf 81' lang='lat' dir='ltr'>tum</span> <span class='ocrx_word' id='word_1_142' title='bbox 543 1897 652 1962; x_wconf 84' lang='lat' dir='ltr'>uia</span> <span class='ocrx_word' id='word_1_143' title='bbox 693 1895 787 1961; x_wconf 87' lang='lat' dir='ltr'>est</span> <span class='ocrx_word' id='word_1_144' title='bbox 825 1891 1279 1980; x_wconf 76' lang='lat' dir='ltr'>instrumentum</span> <span class='ocrx_word' id='word_1_145' title='bbox 1318 1899 1526 1959; x_wconf 68' lang='lat' dir='ltr'>anime</span> <span class='ocrx_word' id='word_1_146' title='bbox 1557 1895 1856 1977; x_wconf 47' lang='lat' dir='ltr'>,senfitivoe</span> <span class='ocrx_word' id='word_1_147' title='bbox 1896 1900 1958 1966; x_wconf 67' lang='grc' dir='ltr'>ὅ(</span> <span class='ocrx_word' id='word_1_148' title='bbox 2004 1901 2121 1964; x_wconf 88' lang='lat' dir='ltr'>loco</span> <span class='ocrx_word' id='word_1_149' title='bbox 2174 1904 2409 1964; x_wconf 69' lang='lat' dir='ltr'>motiva</span> <span class='ocrx_word' id='word_1_150' title='bbox 2441 1947 2468 1980; x_wconf 90' lang='lat'><strong>,</strong></span> <span class='ocrx_word' id='word_1_151' title='bbox 2522 1917 2660 1966; x_wconf 80' lang='lat' dir='ltr'>tum</span> <span class='ocrx_word' id='word_1_152' title='bbox 2708 1903 2907 1967; x_wconf 84' lang='lat' dir='ltr'>etiam</span> 
     </span>
     <span class='ocr_line' id='line_1_18' title="bbox 314 1972 2900 2067; baseline 0.001 -21"><span class='ocrx_word' id='word_1_153' title='bbox 314 1982 470 2067; x_wconf 85' lang='lat' dir='ltr'>quia</span> <span class='ocrx_word' id='word_1_154' title='bbox 545 1995 706 2061; x_wconf 85' lang='lat' dir='ltr'>apor</span> <span class='ocrx_word' id='word_1_155' title='bbox 736 1979 869 2060; x_wconf 81' lang='lat' dir='ltr'>ejus</span> <span class='ocrx_word' id='word_1_156' title='bbox 909 1976 1121 2043; x_wconf 82' lang='lat' dir='ltr'>dulcis</span> <span class='ocrx_word' id='word_1_157' title='bbox 1158 1976 1223 2041; x_wconf 69' lang='grc' dir='ltr'>ὅ(</span> <span class='ocrx_word' id='word_1_158' title='bbox 1267 1991 1481 2060; x_wconf 83' lang='lat' dir='ltr'>gratus</span> <span class='ocrx_word' id='word_1_159' title='bbox 1522 1972 1788 2044; x_wconf 81' lang='lat' dir='ltr'>salinam</span> <span class='ocrx_word' id='word_1_160' title='bbox 1830 1996 2120 2045; x_wconf 83' lang='lat' dir='ltr'>naturam</span> <span class='ocrx_word' id='word_1_161' title='bbox 2168 1981 2640 2047; x_wconf 84' lang='lat' dir='ltr'>evidentissime</span> <span class='ocrx_word' id='word_1_162' title='bbox 2681 1982 2900 2048; x_wconf 85' lang='lat' dir='ltr'>decla-</span> 
     </span>
     <span class='ocr_line' id='line_1_19' title="bbox 319 2077 448 2128; baseline -0.031 0"><span class='ocrx_word' id='word_1_163' title='bbox 319 2077 448 2128; x_wconf 76' lang='lat' dir='ltr'>rat.</span> 
     </span>
    </p>

    <p class='ocr_par' dir='ltr' id='par_1_6' title="bbox 321 2131 2908 2461">
     <span class='ocr_line' id='line_1_20' title="bbox 409 2131 2904 2232; baseline 0 -25"><span class='ocrx_word' id='word_1_164' title='bbox 409 2140 501 2207; x_wconf 82' lang='lat' dir='ltr'>Et</span> <span class='ocrx_word' id='word_1_165' title='bbox 529 2140 782 2206; x_wconf 80' lang='lat' dir='ltr'>aliunde</span> <span class='ocrx_word' id='word_1_166' title='bbox 795 2137 1157 2225; x_wconf 79' lang='lat' dir='ltr'>sanguinem</span> <span class='ocrx_word' id='word_1_167' title='bbox 1182 2131 1417 2202; x_wconf 75' lang='lat' dir='ltr'>salibus</span> <span class='ocrx_word' id='word_1_168' title='bbox 1444 2135 1783 2202; x_wconf 75' lang='lat' dir='ltr'>alcalisatia</span> <span class='ocrx_word' id='word_1_169' title='bbox 1810 2139 2138 2206; x_wconf 76' lang='lat' dir='ltr'>abundare</span> <span class='ocrx_word' id='word_1_170' title='bbox 2170 2153 2305 2205; x_wconf 88' lang='lat' dir='ltr'>tum</span> <span class='ocrx_word' id='word_1_171' title='bbox 2349 2137 2539 2232; x_wconf 77' lang='lat' dir='ltr'>gustu</span> <span class='ocrx_word' id='word_1_172' title='bbox 2568 2186 2589 2221; x_wconf 91' lang='lat'>‚</span> <span class='ocrx_word' id='word_1_173' title='bbox 2638 2156 2774 2205; x_wconf 88' lang='lat' dir='ltr'>tum</span> <span class='ocrx_word' id='word_1_174' title='bbox 2815 2161 2904 2208; x_wconf 84' lang='lat' dir='ltr'>ex</span> 
     </span>
     <span class='ocr_line' id='line_1_21' title="bbox 321 2216 2908 2317; baseline -0.001 -28"><span class='ocrx_word' id='word_1_175' title='bbox 321 2221 664 2290; x_wconf 67' lang='lat' dir='ltr'>contractu</span> <span class='ocrx_word' id='word_1_176' title='bbox 692 2222 751 2287; x_wconf 71' lang='grc' dir='ltr'><strong>ὰ</strong></span> <span class='ocrx_word' id='word_1_177' title='bbox 781 2221 1020 2287; x_wconf 87' lang='lat' dir='ltr'>unione</span> <span class='ocrx_word' id='word_1_178' title='bbox 1050 2221 1240 2282; x_wconf 72' lang='lat' dir='ltr'>urina</span> <span class='ocrx_word' id='word_1_179' title='bbox 1269 2263 1291 2298; x_wconf 88' lang='lat'>,</span> <span class='ocrx_word' id='word_1_180' title='bbox 1317 2216 1676 2298; x_wconf 68' lang='lat' dir='ltr'>sancte-inem</span> <span class='ocrx_word' id='word_1_181' title='bbox 1707 2218 2063 2317; x_wconf 74' lang='lat' dir='ltr'>irrigantis,</span> <span class='ocrx_word' id='word_1_182' title='bbox 2110 2237 2251 2285; x_wconf 83' lang='lat' dir='ltr'>turn</span> <span class='ocrx_word' id='word_1_183' title='bbox 2281 2236 2473 2286; x_wconf 68' lang='lat' dir='ltr'>etiam</span> <span class='ocrx_word' id='word_1_184' title='bbox 2505 2222 2908 2304; x_wconf 81' lang='lat' dir='ltr'>experientia</span> 
     </span>
     <span class='ocr_line' id='line_1_22' title="bbox 321 2268 2899 2388; baseline -0.001 -19"><span class='ocrx_word' id='word_1_185' title='bbox 321 2304 633 2388; x_wconf 85' lang='lat' dir='ltr'>chymica</span> <span class='ocrx_word' id='word_1_186' title='bbox 661 2302 927 2368; x_wconf 83' lang='lat' dir='ltr'>constat.</span> <span class='ocrx_word' id='word_1_187' title='bbox 1010 2298 1209 2385; x_wconf 86' lang='lat' dir='ltr'>Igitur</span> <span class='ocrx_word' id='word_1_188' title='bbox 1240 2316 1322 2363; x_wconf 79' lang='lat' dir='ltr'>ex</span> <span class='ocrx_word' id='word_1_189' title='bbox 1350 2268 1661 2363; x_wconf 59' lang='lat' dir='ltr'>aff‘t&#39;xfione</span> <span class='ocrx_word' id='word_1_190' title='bbox 1718 2319 1854 2365; x_wconf 71' lang='lat' dir='ltr'>nect</span> <span class='ocrx_word' id='word_1_191' title='bbox 1879 2304 2086 2365; x_wconf 83' lang='lat' dir='ltr'>nervei</span> <span class='ocrx_word' id='word_1_192' title='bbox 2114 2301 2280 2365; x_wconf 78' lang='lat' dir='ltr'>intra</span> <span class='ocrx_word' id='word_1_193' title='bbox 2287 2302 2652 2388; x_wconf 79' lang='lat' dir='ltr'>sanguinem</span> <span class='ocrx_word' id='word_1_194' title='bbox 2679 2303 2899 2378; x_wconf 82' lang='lat' dir='ltr'>calen-</span> 
     </span>
     <span class='ocr_line' id='line_1_23' title="bbox 321 2378 2040 2461; baseline -0.002 -11"><span class='ocrx_word' id='word_1_195' title='bbox 321 2401 461 2450; x_wconf 85' lang='lat' dir='ltr'>tem</span> <span class='ocrx_word' id='word_1_196' title='bbox 493 2383 848 2449; x_wconf 77' lang='lat' dir='ltr'>necell‘ario</span> <span class='ocrx_word' id='word_1_197' title='bbox 875 2378 1057 2445; x_wconf 90' lang='lat' dir='ltr'>subse</span> <span class='ocrx_word' id='word_1_198' title='bbox 1105 2380 1167 2444; x_wconf 88' lang='lat' dir='ltr'>ui</span> <span class='ocrx_word' id='word_1_199' title='bbox 1201 2379 1403 2443; x_wconf 86' lang='lat' dir='ltr'>debet</span> <span class='ocrx_word' id='word_1_200' title='bbox 1416 2380 1639 2461; x_wconf 82' lang='lat' dir='ltr'>fervor</span> <span class='ocrx_word' id='word_1_201' title='bbox 1757 2382 2040 2447; x_wconf 74' lang='lat' dir='ltr'>ebullitio.</span> 
     </span>
    </p>

    <p class='ocr_par' dir='ltr' id='par_1_7' title="bbox 320 2400 2908 3032">
     <span class='ocr_line' id='line_1_24' title="bbox 403 2400 2907 2553; baseline 0 -24"><span class='ocrx_word' id='word_1_202' title='bbox 403 2462 669 2544; x_wconf 87' lang='lat' dir='ltr'>Postea,</span> <span class='ocrx_word' id='word_1_203' title='bbox 760 2463 866 2528; x_wconf 83' lang='lat' dir='ltr'>uia</span> <span class='ocrx_word' id='word_1_204' title='bbox 882 2400 1137 2544; x_wconf 48' lang='lat' dir='ltr'>fibrae‘gt</span> <span class='ocrx_word' id='word_1_205' title='bbox 1166 2479 1373 2553; x_wconf 75' lang='lat' dir='ltr'>carnes</span> <span class='ocrx_word' id='word_1_206' title='bbox 1388 2458 1776 2553; x_wconf 47' lang='lat' dir='ltr'>musculorum</span> <span class='ocrx_word' id='word_1_207' title='bbox 1804 2477 2123 2546; x_wconf 89' lang='lat' dir='ltr'>perpetuo</span> <span class='ocrx_word' id='word_1_208' title='bbox 2153 2459 2507 2550; x_wconf 76' lang='lat' dir='ltr'>asanguine</span> <span class='ocrx_word' id='word_1_209' title='bbox 2535 2463 2907 2530; x_wconf 63' lang='lat' dir='ltr'>humectan-</span> 
     </span>
     <span class='ocr_line' id='line_1_25' title="bbox 326 2539 2908 2685; baseline -0 -73"><span class='ocrx_word' id='word_1_210' title='bbox 326 2560 436 2612; x_wconf 86' lang='lat' dir='ltr'>tur</span> <span class='ocrx_word' id='word_1_211' title='bbox 462 2546 521 2611; x_wconf 82' lang='lat'>&amp;</span> <span class='ocrx_word' id='word_1_212' title='bbox 547 2545 733 2610; x_wconf 83' lang='lat' dir='ltr'>made</span> <span class='ocrx_word' id='word_1_213' title='bbox 786 2558 942 2623; x_wconf 78' lang='lat' dir='ltr'>unt,</span> <span class='ocrx_word' id='word_1_214' title='bbox 985 2557 1058 2607; x_wconf 86' lang='lat' dir='ltr'>nt</span> <span class='ocrx_word' id='word_1_215' title='bbox 1087 2539 1128 2604; x_wconf 86' lang='lat' dir='ltr'>s</span> <span class='ocrx_word' id='word_1_216' title='bbox 1207 2558 1410 2685; x_wconf 53' lang='grc' dir='ltr'>ηὲἑπς</span> <span class='ocrx_word' id='word_1_217' title='bbox 1447 2554 1641 2633; x_wconf 76' lang='lat' dir='ltr'>igitur</span> <span class='ocrx_word' id='word_1_218' title='bbox 1677 2540 1714 2606; x_wconf 70' lang='lat' dir='ltr'>a</span> <span class='ocrx_word' id='word_1_219' title='bbox 1743 2543 2044 2620; x_wconf 80' lang='lat' dir='ltr'>conalibus</span> <span class='ocrx_word' id='word_1_220' title='bbox 2087 2547 2362 2624; x_wconf 71' lang='lat' dir='ltr'>ner-veis,</span> <span class='ocrx_word' id='word_1_221' title='bbox 2388 2543 2570 2625; x_wconf 84' lang='lat' dir='ltr'>succo</span> <span class='ocrx_word' id='word_1_222' title='bbox 2581 2545 2908 2629; x_wconf 72' lang='lat' dir='ltr'>spirituoso</span> 
     </span>
     <span class='ocr_line' id='line_1_26' title="bbox 326 2618 2903 2710; baseline -0.002 -17"><span class='ocrx_word' id='word_1_223' title='bbox 326 2626 632 2710; x_wconf 60' lang='lat' dir='ltr'>turgidis„</span> <span class='ocrx_word' id='word_1_224' title='bbox 677 2625 941 2691; x_wconf 87' lang='lat' dir='ltr'>immitti</span> <span class='ocrx_word' id='word_1_225' title='bbox 969 2641 1057 2706; x_wconf 90' lang='lat' dir='ltr'>po</span> <span class='ocrx_word' id='word_1_226' title='bbox 1111 2638 1224 2685; x_wconf 89' lang='lat' dir='ltr'>unt</span> <span class='ocrx_word' id='word_1_227' title='bbox 1346 2618 1597 2685; x_wconf 83' lang='lat' dir='ltr'>effundi</span> <span class='ocrx_word' id='word_1_228' title='bbox 1629 2622 1797 2686; x_wconf 89' lang='lat' dir='ltr'>intra</span> <span class='ocrx_word' id='word_1_229' title='bbox 1814 2623 2294 2708; x_wconf 81' lang='lat' dir='ltr'>sanguinem,in</span> <span class='ocrx_word' id='word_1_230' title='bbox 2325 2623 2602 2708; x_wconf 80' lang='lat' dir='ltr'>musculis</span> <span class='ocrx_word' id='word_1_231' title='bbox 2630 2641 2903 2690; x_wconf 89' lang='lat' dir='ltr'>conten-</span> 
     </span>
     <span class='ocr_line' id='line_1_27' title="bbox 325 2699 2903 2792; baseline 0.001 -20"><span class='ocrx_word' id='word_1_232' title='bbox 325 2724 504 2786; x_wconf 88' lang='lat' dir='ltr'>tum,</span> <span class='ocrx_word' id='word_1_233' title='bbox 529 2706 803 2792; x_wconf 78' lang='lat' dir='ltr'>spiritus</span> <span class='ocrx_word' id='word_1_234' title='bbox 833 2703 926 2769; x_wconf 88' lang='lat' dir='ltr'>illi</span> <span class='ocrx_word' id='word_1_235' title='bbox 957 2751 983 2785; x_wconf 87' lang='lat'>‚</span> <span class='ocrx_word' id='word_1_236' title='bbox 1025 2703 1106 2768; x_wconf 87' lang='lat' dir='ltr'>ab</span> <span class='ocrx_word' id='word_1_237' title='bbox 1136 2704 1375 2784; x_wconf 83' lang='lat' dir='ltr'>imperio</span> <span class='ocrx_word' id='word_1_238' title='bbox 1403 2701 1738 2766; x_wconf 68' lang='lat' dir='ltr'>voluntatis</span> <span class='ocrx_word' id='word_1_239' title='bbox 1773 2699 2138 2782; x_wconf 70' lang='lat' dir='ltr'>convulsione</span> <span class='ocrx_word' id='word_1_240' title='bbox 2166 2704 2440 2788; x_wconf 81' lang='lat' dir='ltr'>quadam</span> <span class='ocrx_word' id='word_1_241' title='bbox 2474 2704 2804 2785; x_wconf 82' lang='lat' dir='ltr'>instillati3</span> <span class='ocrx_word' id='word_1_242' title='bbox 2839 2707 2903 2774; x_wconf 72' lang='grc' dir='ltr'>δι</span> 
     </span>
     <span class='ocr_line' id='line_1_28' title="bbox 322 2781 2907 2871; baseline -0.001 -18"><span class='ocrx_word' id='word_1_243' title='bbox 322 2784 417 2853; x_wconf 85' lang='lat' dir='ltr'>fic</span> <span class='ocrx_word' id='word_1_244' title='bbox 433 2788 743 2871; x_wconf 81' lang='lat' dir='ltr'>fervorem</span> <span class='ocrx_word' id='word_1_245' title='bbox 768 2785 831 2851; x_wconf 74' lang='grc' dir='ltr'>ὃ(</span> <span class='ocrx_word' id='word_1_246' title='bbox 859 2784 1251 2849; x_wconf 80' lang='lat' dir='ltr'>ebullitionem</span> <span class='ocrx_word' id='word_1_247' title='bbox 1284 2781 1570 2847; x_wconf 80' lang='lat' dir='ltr'>excitare</span> <span class='ocrx_word' id='word_1_248' title='bbox 1706 2781 1870 2850; x_wconf 77' lang='lat' dir='ltr'>ss&#39;unt</span> <span class='ocrx_word' id='word_1_249' title='bbox 1911 2784 2053 2850; x_wconf 89' lang='lat' dir='ltr'>fere</span> <span class='ocrx_word' id='word_1_250' title='bbox 2098 2796 2555 2851; x_wconf 82' lang='lat' dir='ltr'>momentaneam</span> <span class='ocrx_word' id='word_1_251' title='bbox 2584 2786 2645 2850; x_wconf 92' lang='lat' dir='ltr'>in</span> <span class='ocrx_word' id='word_1_252' title='bbox 2665 2784 2849 2867; x_wconf 80' lang='lat' dir='ltr'>fibris</span> <span class='ocrx_word' id='word_1_253' title='bbox 2875 2833 2907 2868; x_wconf 84' lang='lat'>,</span> 
     </span>
     <span class='ocr_line' id='line_1_29' title="bbox 322 2862 2902 2952; baseline -0 -19"><span class='ocrx_word' id='word_1_254' title='bbox 322 2864 438 2934; x_wconf 86' lang='lat' dir='ltr'>seu</span> <span class='ocrx_word' id='word_1_255' title='bbox 455 2862 1022 2952; x_wconf 70' lang='lat' dir='ltr'>fistulisspongiofis</span> <span class='ocrx_word' id='word_1_256' title='bbox 1062 2862 1486 2942; x_wconf 81' lang='lat' dir='ltr'>musculorum,</span> <span class='ocrx_word' id='word_1_257' title='bbox 1531 2881 1616 2928; x_wconf 89' lang='lat' dir='ltr'>ve</span> <span class='ocrx_word' id='word_1_258' title='bbox 1671 2863 1734 2928; x_wconf 93' lang='lat' dir='ltr'>in</span> <span class='ocrx_word' id='word_1_259' title='bbox 1782 2883 2011 2932; x_wconf 90' lang='lat' dir='ltr'>eorum</span> <span class='ocrx_word' id='word_1_260' title='bbox 2056 2863 2413 2932; x_wconf 86' lang='lat' dir='ltr'>interstitiis</span> <span class='ocrx_word' id='word_1_261' title='bbox 2442 2913 2466 2948; x_wconf 84' lang='lat'>‚</span> <span class='ocrx_word' id='word_1_262' title='bbox 2512 2867 2685 2933; x_wconf 90' lang='lat' dir='ltr'>unde</span> <span class='ocrx_word' id='word_1_263' title='bbox 2725 2865 2902 2951; x_wconf 69' lang='lat' dir='ltr'>infla·</span> 
     </span>
     <span class='ocr_line' id='line_1_30' title="bbox 320 2942 2079 3032; baseline -0.002 -17"><span class='ocrx_word' id='word_1_264' title='bbox 320 2953 448 3030; x_wconf 70' lang='lat' dir='ltr'>tio,</span> <span class='ocrx_word' id='word_1_265' title='bbox 490 2953 751 3014; x_wconf 81' lang='lat' dir='ltr'>durities</span> <span class='ocrx_word' id='word_1_266' title='bbox 776 2947 839 3013; x_wconf 74' lang='grc' dir='ltr'>ὃ(</span> <span class='ocrx_word' id='word_1_267' title='bbox 864 2942 1185 3010; x_wconf 69' lang='grc' dir='ltr'>τοηεναὲἲὶο</span> <span class='ocrx_word' id='word_1_268' title='bbox 1212 2942 1601 3028; x_wconf 55' lang='lat' dir='ltr'>mide-zelorum</span> <span class='ocrx_word' id='word_1_269' title='bbox 1629 2942 2079 3032; x_wconf 83' lang='lat' dir='ltr'>consequatur.</span> 
     </span>
    </p>

    <p class='ocr_par' dir='ltr' id='par_1_8' title="bbox 305 3024 2915 3674">
     <span class='ocr_line' id='line_1_31' title="bbox 403 3024 2915 3114; baseline -0.002 -16"><span class='ocrx_word' id='word_1_270' title='bbox 403 3031 656 3098; x_wconf 88' lang='lat' dir='ltr'>Modus</span> <span class='ocrx_word' id='word_1_271' title='bbox 683 3047 844 3094; x_wconf 82' lang='lat' dir='ltr'>vero</span> <span class='ocrx_word' id='word_1_272' title='bbox 878 3025 1288 3093; x_wconf 77' lang='lat' dir='ltr'>mechanicus</span> <span class='ocrx_word' id='word_1_273' title='bbox 1304 3070 1325 3103; x_wconf 89' lang='lat'>‚</span> <span class='ocrx_word' id='word_1_274' title='bbox 1371 3043 1503 3108; x_wconf 88' lang='lat' dir='ltr'>quo</span> <span class='ocrx_word' id='word_1_275' title='bbox 1535 3024 1677 3089; x_wconf 85' lang='lat' dir='ltr'>talis</span> <span class='ocrx_word' id='word_1_276' title='bbox 1696 3028 1955 3093; x_wconf 76' lang='lat' dir='ltr'>ebullitio</span> <span class='ocrx_word' id='word_1_277' title='bbox 1982 3030 2044 3094; x_wconf 76' lang='grc' dir='ltr'>δι</span> <span class='ocrx_word' id='word_1_278' title='bbox 2070 3029 2515 3114; x_wconf 76' lang='lat' dir='ltr'>effervescentia</span> <span class='ocrx_word' id='word_1_279' title='bbox 2539 3027 2915 3112; x_wconf 79' lang='lat' dir='ltr'>perficitur,</span> 
     </span>
     <span class='ocr_line' id='line_1_32' title="bbox 305 3105 2907 3191; baseline -0 -14"><span class='ocrx_word' id='word_1_280' title='bbox 305 3130 460 3186; x_wconf 63' lang='lat' dir='ltr'>non</span> <span class='ocrx_word' id='word_1_281' title='bbox 494 3109 592 3178; x_wconf 84' lang='lat' dir='ltr'>est</span> <span class='ocrx_word' id='word_1_282' title='bbox 633 3107 914 3176; x_wconf 80' lang='lat' dir='ltr'>diversus</span> <span class='ocrx_word' id='word_1_283' title='bbox 953 3107 1034 3173; x_wconf 82' lang='lat' dir='ltr'>ab</span> <span class='ocrx_word' id='word_1_284' title='bbox 1080 3107 1173 3170; x_wconf 79' lang='lat' dir='ltr'>eis</span> <span class='ocrx_word' id='word_1_285' title='bbox 1200 3151 1222 3185; x_wconf 88' lang='lat'>,</span> <span class='ocrx_word' id='word_1_286' title='bbox 1266 3105 1372 3188; x_wconf 80' lang='lat' dir='ltr'>qui</span> <span class='ocrx_word' id='word_1_287' title='bbox 1414 3122 1536 3189; x_wconf 88' lang='lat' dir='ltr'>per</span> <span class='ocrx_word' id='word_1_288' title='bbox 1576 3105 2532 3191; x_wconf 81' lang='lat' dir='ltr'>vulgarem‘fermentationem</span> <span class='ocrx_word' id='word_1_289' title='bbox 2578 3108 2742 3175; x_wconf 86' lang='lat' dir='ltr'>fiunt</span> <span class='ocrx_word' id='word_1_290' title='bbox 2769 3155 2791 3189; x_wconf 86' lang='lat'>‚</span> <span class='ocrx_word' id='word_1_291' title='bbox 2838 3110 2907 3176; x_wconf 87' lang='lat' dir='ltr'>in</span> 
     </span>
     <span class='ocr_line' id='line_1_33' title="bbox 323 3185 2904 3276; baseline -0 -21"><span class='ocrx_word' id='word_1_292' title='bbox 323 3193 560 3276; x_wconf 87' lang='lat' dir='ltr'>quibus</span> <span class='ocrx_word' id='word_1_293' title='bbox 609 3189 909 3255; x_wconf 81' lang='lat' dir='ltr'>omnibus</span> <span class='ocrx_word' id='word_1_294' title='bbox 951 3206 1086 3253; x_wconf 88' lang='lat' dir='ltr'>non</span> <span class='ocrx_word' id='word_1_295' title='bbox 1131 3202 1437 3252; x_wconf 82' lang='lat' dir='ltr'>creantur</span> <span class='ocrx_word' id='word_1_296' title='bbox 1477 3185 1559 3249; x_wconf 89' lang='lat' dir='ltr'>de</span> <span class='ocrx_word' id='word_1_297' title='bbox 1600 3203 1786 3252; x_wconf 84' lang='lat' dir='ltr'>novo</span> <span class='ocrx_word' id='word_1_298' title='bbox 1821 3192 1989 3254; x_wconf 81' lang='lat' dir='ltr'>vires</span> <span class='ocrx_word' id='word_1_299' title='bbox 2023 3194 2310 3270; x_wconf 77' lang='lat' dir='ltr'>motivae,</span> <span class='ocrx_word' id='word_1_300' title='bbox 2371 3189 2479 3254; x_wconf 87' lang='lat' dir='ltr'>sed</span> <span class='ocrx_word' id='word_1_301' title='bbox 2522 3190 2648 3254; x_wconf 77' lang='lat' dir='ltr'>511ae</span> <span class='ocrx_word' id='word_1_302' title='bbox 2678 3236 2699 3268; x_wconf 91' lang='lat'>‚</span> <span class='ocrx_word' id='word_1_303' title='bbox 2759 3209 2904 3271; x_wconf 84' lang='lat' dir='ltr'>quae</span> 
     </span>
     <span class='ocr_line' id='line_1_34' title="bbox 326 3263 2906 3362; baseline -0.001 -25"><span class='ocrx_word' id='word_1_304' title='bbox 326 3275 420 3337; x_wconf 81' lang='lat' dir='ltr'>im</span> <span class='ocrx_word' id='word_1_305' title='bbox 474 3270 848 3336; x_wconf 82' lang='lat' dir='ltr'>ediebantur</span> <span class='ocrx_word' id='word_1_306' title='bbox 878 3316 900 3350; x_wconf 91' lang='lat'>‚</span> <span class='ocrx_word' id='word_1_307' title='bbox 943 3266 1033 3332; x_wconf 89' lang='lat' dir='ltr'>sui</span> <span class='ocrx_word' id='word_1_308' title='bbox 1062 3267 1217 3351; x_wconf 83' lang='lat' dir='ltr'>juris</span> <span class='ocrx_word' id='word_1_309' title='bbox 1260 3263 1482 3344; x_wconf 73' lang='lat' dir='ltr'>fastae,</span> <span class='ocrx_word' id='word_1_310' title='bbox 1526 3284 1847 3359; x_wconf 67' lang='lat' dir='ltr'>exercere</span> <span class='ocrx_word' id='word_1_311' title='bbox 1893 3267 2155 3362; x_wconf 82' lang='lat' dir='ltr'>poffimt</span> <span class='ocrx_word' id='word_1_312' title='bbox 2195 3267 2364 3334; x_wconf 88' lang='lat' dir='ltr'>suam</span> <span class='ocrx_word' id='word_1_313' title='bbox 2413 3269 2766 3334; x_wconf 84' lang='lat' dir='ltr'>naturalem</span> <span class='ocrx_word' id='word_1_314' title='bbox 2810 3270 2906 3334; x_wconf 90' lang='lat' dir='ltr'>in-</span> 
     </span>
     <span class='ocr_line' id='line_1_35' title="bbox 324 3342 2907 3436; baseline -0.001 -19"><span class='ocrx_word' id='word_1_315' title='bbox 324 3352 419 3417; x_wconf 90' lang='lat' dir='ltr'>do</span> <span class='ocrx_word' id='word_1_316' title='bbox 448 3371 589 3416; x_wconf 91' lang='lat' dir='ltr'>em·</span> <span class='ocrx_word' id='word_1_317' title='bbox 633 3369 872 3436; x_wconf 84' lang='lat' dir='ltr'>nempe</span> <span class='ocrx_word' id='word_1_318' title='bbox 900 3349 1046 3433; x_wconf 85' lang='lat' dir='ltr'>quia</span> <span class='ocrx_word' id='word_1_319' title='bbox 1089 3347 1425 3433; x_wconf 82' lang='lat' dir='ltr'>particulae</span> <span class='ocrx_word' id='word_1_320' title='bbox 1454 3342 1989 3432; x_wconf 75' lang='lat' dir='ltr'>misticorpor1s‚</span> <span class='ocrx_word' id='word_1_321' title='bbox 2080 3367 2178 3413; x_wconf 81' lang='lat' dir='ltr'>uae</span> <span class='ocrx_word' id='word_1_322' title='bbox 2226 3347 2456 3427; x_wconf 85' lang='lat' dir='ltr'>sponte</span> <span class='ocrx_word' id='word_1_323' title='bbox 2499 3343 2606 3413; x_wconf 86' lang='lat' dir='ltr'>sua</span> <span class='ocrx_word' id='word_1_324' title='bbox 2650 3350 2907 3414; x_wconf 84' lang='lat' dir='ltr'>moveri</span> 
     </span>
     <span class='ocr_line' id='line_1_36' title="bbox 315 3424 2909 3523; baseline 0 -28"><span class='ocrx_word' id='word_1_325' title='bbox 315 3432 508 3517; x_wconf 77' lang='lat' dir='ltr'>potui</span> <span class='ocrx_word' id='word_1_326' title='bbox 561 3445 722 3513; x_wconf 88' lang='lat' dir='ltr'>ent,</span> <span class='ocrx_word' id='word_1_327' title='bbox 799 3429 911 3495; x_wconf 80' lang='lat' dir='ltr'>nili</span> <span class='ocrx_word' id='word_1_328' title='bbox 954 3430 1326 3513; x_wconf 76' lang='lat' dir='ltr'>impediatae</span> <span class='ocrx_word' id='word_1_329' title='bbox 1366 3424 1626 3492; x_wconf 84' lang='lat' dir='ltr'>fuissent</span> <span class='ocrx_word' id='word_1_330' title='bbox 1667 3427 1704 3494; x_wconf 68' lang='lat' dir='ltr'>a</span> <span class='ocrx_word' id='word_1_331' title='bbox 1751 3444 2014 3498; x_wconf 85' lang='lat' dir='ltr'>textura</span> <span class='ocrx_word' id='word_1_332' title='bbox 2163 3429 2584 3523; x_wconf 63' lang='lat' dir='ltr'>colligatione</span> <span class='ocrx_word' id='word_1_333' title='bbox 2673 3430 2909 3496; x_wconf 85' lang='lat' dir='ltr'>artium</span> 
     </span>
     <span class='ocr_line' id='line_1_37' title="bbox 331 3495 2910 3594; baseline -0 -16"><span class='ocrx_word' id='word_1_334' title='bbox 331 3512 695 3580; x_wconf 79' lang='lat' dir='ltr'>craffiornm</span> <span class='ocrx_word' id='word_1_335' title='bbox 744 3511 808 3579; x_wconf 80' lang='lat'>&amp;</span> <span class='ocrx_word' id='word_1_336' title='bbox 839 3525 1232 3591; x_wconf 75' lang='lat' dir='ltr'>teri-earum,</span> <span class='ocrx_word' id='word_1_337' title='bbox 1274 3506 1502 3594; x_wconf 86' lang='lat' dir='ltr'>postea</span> <span class='ocrx_word' id='word_1_338' title='bbox 1530 3509 1808 3575; x_wconf 86' lang='lat' dir='ltr'>vinculis</span> <span class='ocrx_word' id='word_1_339' title='bbox 1834 3508 2057 3576; x_wconf 82' lang='lat' dir='ltr'>solutis</span> <span class='ocrx_word' id='word_1_340' title='bbox 2085 3511 2146 3577; x_wconf 85' lang='lat'>&amp;</span> <span class='ocrx_word' id='word_1_341' title='bbox 2173 3495 2571 3593; x_wconf 81' lang='lat' dir='ltr'>postliminio</span> <span class='ocrx_word' id='word_1_342' title='bbox 2666 3510 2730 3576; x_wconf 87' lang='lat' dir='ltr'>bi</span> <span class='ocrx_word' id='word_1_343' title='bbox 2761 3510 2910 3577; x_wconf 87' lang='lat' dir='ltr'>red·</span> 
     </span>
     <span class='ocr_line' id='line_1_38' title="bbox 332 3591 1939 3674; baseline -0.002 -15"><span class='ocrx_word' id='word_1_344' title='bbox 332 3594 524 3674; x_wconf 73' lang='lat' dir='ltr'>ditae,</span> <span class='ocrx_word' id='word_1_345' title='bbox 571 3595 745 3660; x_wconf 80' lang='lat' dir='ltr'>suam</span> <span class='ocrx_word' id='word_1_346' title='bbox 777 3593 1025 3670; x_wconf 81' lang='lat' dir='ltr'>indolem</span> <span class='ocrx_word' id='word_1_347' title='bbox 1057 3595 1342 3656; x_wconf 79' lang='lat' dir='ltr'>motivam</span> <span class='ocrx_word' id='word_1_348' title='bbox 1371 3605 1685 3653; x_wconf 81' lang='lat' dir='ltr'>exercere</span> <span class='ocrx_word' id='word_1_349' title='bbox 1715 3591 1939 3656; x_wconf 81' lang='lat' dir='ltr'>valent</span> 
     </span>
    </p>

    <p class='ocr_par' dir='ltr' id='par_1_9' title="bbox 287 3666 2933 3933">
     <span class='ocr_line' id='line_1_39' title="bbox 287 3666 2913 3767; baseline -0.002 -24"><span class='ocrx_word' id='word_1_350' title='bbox 287 3687 298 3694; x_wconf 85' lang='grc'><em>·</em></span> <span class='ocrx_word' id='word_1_351' title='bbox 410 3673 518 3743; x_wconf 89' lang='lat' dir='ltr'>Sic</span> <span class='ocrx_word' id='word_1_352' title='bbox 556 3677 894 3755; x_wconf 80' lang='lat' dir='ltr'>videmus,</span> <span class='ocrx_word' id='word_1_353' title='bbox 935 3672 1116 3758; x_wconf 82' lang='lat' dir='ltr'>quod</span> <span class='ocrx_word' id='word_1_354' title='bbox 1145 3673 1212 3737; x_wconf 88' lang='lat' dir='ltr'>in</span> <span class='ocrx_word' id='word_1_355' title='bbox 1237 3669 1420 3737; x_wconf 84' lang='lat' dir='ltr'>filice</span> <span class='ocrx_word' id='word_1_356' title='bbox 1442 3668 1479 3734; x_wconf 75' lang='grc' dir='ltr'>ἐι</span> <span class='ocrx_word' id='word_1_357' title='bbox 1504 3666 1775 3753; x_wconf 75' lang='lat' dir='ltr'>simplici</span> <span class='ocrx_word' id='word_1_358' title='bbox 1809 3669 2190 3737; x_wconf 80' lang='lat' dir='ltr'>contulione</span> <span class='ocrx_word' id='word_1_359' title='bbox 2233 3671 2297 3737; x_wconf 67' lang='lat' dir='ltr'>Gt</span> <span class='ocrx_word' id='word_1_360' title='bbox 2336 3671 2742 3767; x_wconf 85' lang='lat' dir='ltr'>percusfione</span> <span class='ocrx_word' id='word_1_361' title='bbox 2764 3671 2913 3738; x_wconf 74' lang='lat' dir='ltr'>chn-</span> 
     </span>
     <span class='ocr_line' id='line_1_40' title="bbox 329 3751 2920 3845; baseline -0.003 -18"><span class='ocrx_word' id='word_1_362' title='bbox 329 3760 506 3845; x_wconf 80' lang='lat' dir='ltr'>lybis</span> <span class='ocrx_word' id='word_1_363' title='bbox 549 3759 945 3844; x_wconf 83' lang='lat' dir='ltr'>diffringitur</span> <span class='ocrx_word' id='word_1_364' title='bbox 992 3769 1252 3822; x_wconf 84' lang='lat' dir='ltr'>textura</span> <span class='ocrx_word' id='word_1_365' title='bbox 1295 3752 1423 3819; x_wconf 83' lang='lat' dir='ltr'>saxi</span> <span class='ocrx_word' id='word_1_366' title='bbox 1455 3797 1478 3831; x_wconf 90' lang='lat'><strong>‚</strong></span> <span class='ocrx_word' id='word_1_367' title='bbox 1534 3751 1596 3816; x_wconf 85' lang='lat'>&amp;</span> <span class='ocrx_word' id='word_1_368' title='bbox 1637 3751 1794 3817; x_wconf 88' lang='lat' dir='ltr'>idco</span> <span class='ocrx_word' id='word_1_369' title='bbox 1837 3752 2141 3836; x_wconf 82' lang='lat' dir='ltr'>igniculi,</span> <span class='ocrx_word' id='word_1_370' title='bbox 2189 3753 2295 3836; x_wconf 89' lang='lat' dir='ltr'>qui</span> <span class='ocrx_word' id='word_1_371' title='bbox 2340 3753 2580 3819; x_wconf 79' lang='lat' dir='ltr'>ibidem</span> <span class='ocrx_word' id='word_1_372' title='bbox 2623 3754 2920 3835; x_wconf 79' lang='lat' dir='ltr'>colligati</span> 
     </span>
     <span class='ocr_line' id='line_1_41' title="bbox 331 3829 2933 3933; baseline -0.003 -26"><span class='ocrx_word' id='word_1_373' title='bbox 331 3855 561 3920; x_wconf 52' lang='lat' dir='ltr'>eant,</span> <span class='ocrx_word' id='word_1_374' title='bbox 606 3842 834 3909; x_wconf 85' lang='lat' dir='ltr'>exilire</span> <span class='ocrx_word' id='word_1_375' title='bbox 856 3835 1145 3933; x_wconf 81' lang='lat' dir='ltr'>poss&#39;unt.</span> <span class='ocrx_word' id='word_1_376' title='bbox 1225 3833 1300 3906; x_wconf 81' lang='lat' dir='ltr'>Id</span> <span class='ocrx_word' id='word_1_377' title='bbox 1341 3829 1545 3917; x_wconf 84' lang='lat' dir='ltr'>ipsum</span> <span class='ocrx_word' id='word_1_378' title='bbox 1573 3831 1642 3902; x_wconf 82' lang='lat' dir='ltr'>in</span> <span class='ocrx_word' id='word_1_379' title='bbox 1671 3833 1854 3919; x_wconf 84' lang='lat' dir='ltr'>liguo</span> <span class='ocrx_word' id='word_1_380' title='bbox 1894 3829 2303 3918; x_wconf 77' lang='lat' dir='ltr'>confricato,</span> <span class='ocrx_word' id='word_1_381' title='bbox 2345 3830 2575 3917; x_wconf 74' lang='lat' dir='ltr'>eraso,</span> <span class='ocrx_word' id='word_1_382' title='bbox 2612 3846 2722 3900; x_wconf 84' lang='lat' dir='ltr'>aut</span> <span class='ocrx_word' id='word_1_383' title='bbox 2739 3851 2933 3899; x_wconf 76' lang='lat' dir='ltr'>eom·-</span> 
     </span>
    </p>
   </div>
   <div class='ocr_carea' id='block_1_5' title="bbox 325 3919 2985 4083">
    <p class='ocr_par' dir='ltr' id='par_1_10' title="bbox 325 3919 2985 4083">
     <span class='ocr_line' id='line_1_42' title="bbox 325 3919 2896 4009; baseline -0.001 -21"><span class='ocrx_word' id='word_1_384' title='bbox 325 3919 553 4007; x_wconf 73' lang='lat' dir='ltr'>press‘o</span> <span class='ocrx_word' id='word_1_385' title='bbox 577 3921 923 4009; x_wconf 74' lang='lat' dir='ltr'>contingit.</span> <span class='ocrx_word' id='word_1_386' title='bbox 2881 3993 2896 4007; x_wconf 91' lang='lat'><strong>.</strong></span> 
     </span>
     <span class='ocr_line' id='line_1_43' title="bbox 1738 3992 2985 4083; baseline 0.002 -3"><span class='ocrx_word' id='word_1_387' title='bbox 1738 3992 1873 4083; x_wconf 77' lang='grc' dir='ltr'>(Ε)</span> <span class='ocrx_word' id='word_1_388' title='bbox 1914 4014 1957 4083; x_wconf 81' lang='lat' dir='ltr'>a</span> <span class='ocrx_word' id='word_1_389' title='bbox 2829 3992 2945 4062; x_wconf 65' lang='lat' dir='ltr'>sn</span> <span class='ocrx_word' id='word_1_390' title='bbox 2967 4037 2985 4070; x_wconf 33' lang='lat'>(-</span> 
     </span>
    </p>
   </div>
  </div>
 </body>
</html>
