3419 4538
819 122 1536 223 summotonus«
1589 144 2221 235 annemNTun.
2809 151 2888 222 ft
2988 112 2996 121 ’

277 301 534 378 eausam
565 300 1322 389 motivam—mufiubmm
1350 300 1478 369 effe
1503 301 1966 387 pronuncient.
2013 301 2102 366 At
2133 299 2200 366 hi
2233 302 2659 387 nonpofl'unt
2688 300 2769 368 ab
2788 302 2883 368 in-

280 389 576 461 numeris
602 384 1102 453 difficultatibus
1129 380 1195 449 se
1223 385 1574 469 expedire:
1619 396 1896 478 oportet
1926 379 2098 448 enim
2115 429 2137 464 ,
2182 396 2257 448 ut
2282 405 2437 449 aura
2465 382 2880 530 illasstpir'ituo-

266 473 396 562 se,
436 482 550 537 aut
574 467 874 552 impellat
902 466 1191 549 musculos
1220 465 1635 531 excurrendo
1670 480 1836 530 intra
1863 482 2092 529 eorum
2108 468 2406 531 cavitates
2419 465 2500 532 ad
2518 466 2581 530 in
2639 485 2707 530 ar
2722 484 2882 532 ven·

289 553 347 621 ti
421 551 687 617 mel-eos
714 545 901 617 inflet
928 541 1042 612 sua
1069 564 1153 611 co
1203 547 1263 612 ia
1291 547 1354 612 dt
1383 545 1793 631 plenitudine
1813 592 1835 625 ,
1882 562 1992 609 aut
2114 546 2241 614 tius
2272 546 2662 632 ebullitione
2690 546 2752 612 ὅ(
2782 554 2880 612 ra-

287 600 655 704 nsaffione
729 628 1112 711 uadamporo
1134 639 1315 692 acates
1327 625 1717 709 musculorum
1733 625 2009 709 amplian
2059 647 2101 690 ο
2119 645 2347 692 eorum
2363 628 2885 694 contractionem

286 714 557 783 efficiat.
603 711 693 778 At
765 727 866 776 aec
894 708 1205 774 videntur
1232 707 1672 792 impossibilia,
1714 707 1869 792 quia
1897 707 2064 774 ast'io
2100 706 2347 803 musculi
2378 708 2471 774 est
2499 728 2679 775 mera
2723 727 2885 775 con-

288 794 530 864 trafflo
553 788 978 877 longitudinis
1012 787 1241 874 ipfius,
1287 806 1372 853 eo
1402 788 1581 873 quod
1610 788 1890 854 extremi
1921 789 2179 855 termini
2213 789 2499 856 motibus
2538 790 2884 855 contrariis

287 874 694 953 adinvicem
721 869 1088 951 accedunt,
1132 863 1197 934 se
1225 866 1512 935 inflando
1543 869 1605 935 dc
1652 869 1977 956 turgendo
2021 866 2376 938 secundum
2421 871 2830 938 latitudinem
2853 916 2881 965 ,

368 950 438 1022 'ae
482 954 653 1022 afflo
699 950 964 1035 concipi
1009 968 1141 1017 non
1182 948 1403 1035 potest
1452 946 1690 1035 absque
1737 951 1934 1016 cunei
1965 951 2389 1036 operatione,
2433 967 2751 1036 quatenus
2780 952 2878 1018 i111

360 1042 377 1056 ·
421 1041 584 1117 ἐπες,
630 1052 768 1101 non
793 1029 979 1098 secus
1006 1049 1083 1098 ac
1112 1031 1309 1100 cunni
1337 1029 1577 1113 ferrei,
1623 1031 1790 1097 intra
1809 1044 1988 1114 poros
2016 1030 2410 1115 musi-ntorum
2439 1030 2773 1114 infinuati,
2851 1066 2878 1082 ·

356 1139 433 1185 as
477 1115 879 1185 contrahunt
925 1125 1102 1180 tanta
1149 1113 1217 1178 vi
1219 1157 1252 1207 ‚³
1289 1128 1376 1177 ut
1420 1113 1680 1199 grandia
1731 1113 2025 1196 pondera
2055 1109 2443 1205 suspendere
2474 1116 2757 1181 valeant.
2835 1131 2882 1180 n

278 1201 404 1269 tali
446 1215 658 1295 porro
699 1195 1089 1281 operatione
1132 1211 1349 1278 prrmo
1392 1194 1738 1279 requiritur
1779 1209 2121 1278 apparatus
2151 1212 2552 1277 cuneorum,
2591 1192 2882 1261 secundo

278 1274 561 1351 duriues
594 1275 996 1357 eorundem,
1042 1275 1242 1341 tertio
1271 1272 1369 1341 vis
1397 1275 1683 1356 motiva,
1727 1294 1872 1360 quae
1902 1294 2018 1341 eos
2065 1276 2521 1343 violentiffime
2563 1276 2885 1361 impellat.

285 1360 542 1512 guoad
565 1359 850 1446 primum
875 1374 1013 1424 non
1045 1353 1283 1437 video,
1327 1356 1502 1421 unde
1531 1371 1708 1423 tanta
1735 1356 1932 1442 copia
1958 1372 2121 1422 aum
2143 1356 2485 1442 spirituosae
2531 1358 2883 1441 adveniat,

391 1444 458 1509 in
486 1459 614 1528 quo
641 1437 842 1526 specu
943 1439 1121 1503 'ritus
1150 1436 1248 1503 illi
1276 1437 1752 1518 recondantur3
1797 1438 1945 1522 qui,
1987 1438 2149 1505 licet
2178 1437 2387 1506 adesse
2402 1437 2895 1526 supponantur,

296 1524 547 1592 nullam
577 1538 793 1588 tamen
870 1518 1133 1584 uritiem
1158 1516 1494 1585 habebunt
1576 1536 1728 1585 cum
1755 1518 2037 1585 rariores
2078 1520 2141 1587 δι
2170 1520 2508 1587 molliores
2557 1519 2681 1587 fint
2774 1539 2881 1587 ua-

287 1605 464 1673 libet
484 1600 792 1688 spongia,
834 1599 978 1666 lana
1008 1613 1119 1665 aut
1184 1598 1460 1695 qffypio.
1507 1565 1596 1665 kt
1624 1598 1915 1695 quamyis
1944 1607 2055 1666 aer
2083 1602 2149 1667 in
2183 1621 2327 1668 utre
2344 1600 2624 1669 inclusus
2640 1539 2887 1669 regstat

288 1682 797 1771 compressioni,
839 1698 1028 1765 quam
1174 1696 1267 1747 cut
1293 1698 1519 1747 merens
1582 1682 1793 1748 ondus
1825 1682 2207 1751 incumbens
2275 1702 2409 1751 non
2434 1682 2618 1750 secus
2635 1680 2885 1750 actuas-

282 1761 357 1833 sa
381 1764 638 1846 ferrea,
682 1761 1282 1830 nibilominus-talis
1310 1731 1481 1857 agiio
1558 1760 1767 1830 iversa
1787 1761 1880 1830 est
1911 1762 1948 1829 a
1976 1766 2172 1832 cunei
2201 1728 2262 1832 ἐι
2291 1764 2541 1913 νηιὲειιὶἰ
2581 1766 2886 1848 afflone,

281 1847 444 1933 quia
470 1864 610 1912 non
642 1846 861 1910 elevat
888 1843 1080 1910 altius
1108 1843 1366 1929 pondus
1393 1843 1813 1926 incumbenS,
1856 1842 1968 1911 sed
1995 1860 2356 1915 tantummo
2405 1865 2448 1912 o
2474 1844 2705 1913 refistit
2747 1848 2887 1932 ejus

285 1925 777 2013 compressioni.
820 1923 1187 2009 oporteret
1215 1943 1417 2011 erg0,
1461 1939 1536 1992 ut
1564 1924 1866 1994 insufflari
1893 1928 1958 1994 ἀ
1985 1926 2279 1995 infinuari
2356 1926 2523 1993 oss'et
2554 1947 2725 1996 nova
2772 1948 2886 1995 co-

287 2008 411 2095 pia
453 2006 661 2088 aeris,
704 2007 813 2071 vel
850 2008 917 2072 in
961 2002 1202 2072 eisdem
1221 2011 1394 2090 poris
1431 2024 1887 2093 generaretur,
1932 2022 2007 2074 ut
2032 2010 2229 2075 cunei
2258 2029 2295 2076 a
2364 2011 2583 2076 'onem
2613 2027 2886 2077 exerce·

290 2103 428 2157 ret.
475 2087 565 2154 Et
588 2087 864 2175 proinde
892 2083 1146 2233 semper
1172 2088 1453 2153 maxima
1483 2089 1596 2154 illa
1625 2086 1974 2181 difficultas
1999 2090 2204 2170 redit,
2250 2090 2288 2155 a
2318 2107 2441 2176 qua
2473 2109 2625 2158 nem
2677 2110 2881 2158 ecau·

291 2167 371 2237 sa
414 2168 661 2255 pendet
699 2167 954 2254 grandis
996 2170 1015 2234 i
1048 2169 1108 2234 la
1151 2168 1250 2235 vis
1288 2170 1571 2249 motiva,
1617 2185 1761 2253 quae
1793 2187 1880 2234 nn
1933 2168 2073 2234 ellit
2103 2171 2272 2236 intra
2286 2185 2463 2254 poros
2490 2110 2739 2267 musfa&
2766 2186 2886 2239 no-

287 2269 454 2320 vam
483 2249 659 2317 illam
696 2249 950 2344 copiam
981 2268 1141 2318 aum
1167 2250 1423 2336 spirituo
1449 2269 1531 2331 ως
1573 2249 1638 2316 &
1665 2248 1833 2343 ratio
1914 2247 2268 2318 ifficultatis
2300 2249 2436 2333 est,
2526 2272 2629 2319 ula
2646 2269 2884 2349 corpo-

282 2330 481 2402 ribus
519 2329 880 2413 rariffimrs,
922 2346 997 2398 ut
1039 2331 1334 2426 gossypio
1479 2332 1648 2413 aeri,
1692 2331 1976 2415 unprimi
2004 2350 2138 2398 non
2210 2332 2382 2398 otest
2411 2353 2496 2400 ve
2546 2336 2890 2403 emenuffi-

284 2429 446 2484 mus
471 2414 756 2508 impetus
787 2412 1226 2497 projefl1tius3
1267 2412 1570 2480 videmus
1607 2411 1781 2478 enim
1814 2412 1967 2479 talia
1994 2414 2126 2479 levi
2177 2433 2306 2479 nna
2335 2433 2647 2500 corpora,
2695 2418 2895 2484 etiam

285 2495 433 2564 bvi
463 2496 626 2582 ignis
656 2493 974 2561 tormenti
999 2492 1228 2561 bellici
1260 2489 1569 2579 impulsa,
1615 2491 1830 2559 subito
1870 2494 2106 2561 cadere
2150 2496 2212 2562 ὅ(
2255 2493 2574 2583 dispergi3
2618 2499 2889 2583 pariter-

289 2595 433 2664 que
473 2575 812 2657 videmus‚
859 2575 1037 2659 quod
1076 2580 1225 2657 aer,
1271 2574 1307 2642 ὲ
1350 2593 1763 2660 quocumque
1808 2590 2013 2641 vento
2038 2573 2385 2673 impulsus,
2426 2578 2725 2646 infinuari
2757 2599 2892 2649 non

425 2656 524 2724 est
547 2657 720 2723 intra
745 2653 1034 2741 spongiae
1065 2656 1449 2746 porofitates
1477 2657 1765 2741 patulas,
1807 2672 1881 2723 ut
1913 2657 2050 2740 eius
2079 2659 2321 2726 molem
2356 2659 2541 2729 inflet
2582 2661 2644 2727 δι
2690 2664 2886 2748 turgi-

283 2673 450 2807 ggtm
480 2737 732 2805 reddat.
814 2735 1063 2803 Dicere
1092 2735 1358 2823 postea,
1403 2738 1580 2823 quod
1613 2740 1779 2804 intra
1793 2752 1972 2821 poros
1998 2739 2285 2826 mzfituli,
2324 2739 2492 2825 jufl’u
2530 2744 2888 2811 voluntatis

280 2816 411 2890 seu
441 2832 780 2906 appetltur
809 2815 1086 2886 senfitivi
1115 2820 1179 2885 in
1210 2818 1356 2885 actu
1391 2817 1698 2885 tenfionis
1729 2821 1977 2904 musculi
2006 2836 2355 2907 generetur
2400 2824 2731 2891 nova‘illa
2775 2845 2888 2891 co-

343 2903 411 2968 ia
435 2920 604 2968 aum
649 2896 985 3047 piriteuiffa,
1031 2901 1093 2967 δε
1120 2901 1157 2967 ὲ
1186 2916 1417 2966 contra
1441 2899 1638 2965 ‘abeat
1666 2902 1729 2967 dt
1754 2898 2150 2984 destruatur,
2196 2904 2455 2989 quando
2470 2903 2769 2989 musculus
2787 2926 2885 2973 re-

449 2996 558 3047 tur
696 2982 803 3066 qui
875 2980 1004 3062 cit,
1046 2980 1141 3047 est
1183 2981 1337 3066 quid
1377 2980 1583 3047 simile
1628 2979 1899 3048 somnio,
1985 2983 2310 3051 Praeterea
2358 3004 2485 3051 nec
2527 2988 2786 3055 ebullitio
2816 2991 2886 3057 in

277 3062 588 3148 musculis
609 3060 754 3128 fieri
778 3060 962 3148 poss'e
987 3062 1287 3142 videtur,
1329 3082 1479 3129 nam
1501 3059 1682 3129 sensu
1709 3079 1931 3148 patet,
1977 3066 2227 3132 nullum
2257 3064 2596 3134 fervorem
2626 3069 2889 3137 &ardo-

286 3163 456 3213 rem
500 3160 660 3210 tunc
702 3156 832 3208 tem
926 3144 1012 3210 ris
1054 3145 1120 3210 in
1167 3143 1447 3228 musculis
1494 3144 1803 3226 excitari,
1848 3146 2507 3230 praeterconsuetum
2542 3164 2884 3233 teporem:

292 3227 524 3293 immo
565 3224 633 3290 in
677 3219 828 3319 pisci
924 3244 953 3290 s
996 3225 1176 3292 nulla
1205 3223 1495 3291 caliditas
1524 3220 1708 3290 sensu
1790 3226 2119 3309 ercipitur.
2204 3226 2506 3292 Tandem
2539 3228 2661 3294 hac
2691 3251 2886 3316 expe-

290 3305 553 3379 rientia
594 3301 884 3371 universa
925 3304 1067 3372 haec
1108 3304 1330 3371 fabula
1369 3306 1696 3390 rejicitur:
1771 3307 1924 3373 eetis
1967 3307 2140 3371 enim
2193 3308 2258 3373 in
2307 3307 2577 3392 longum
2609 3311 2891 3395 musculis

282 3380 597 3454 viventis
625 3385 913 3454 animalis
934 3434 958 3469 ‚
1001 3387 1167 3453 intra
1203 3406 1434 3473 aquam
1462 3386 1763 3455 demersrs
1847 3389 1913 3453 in
1938 3407 2064 3473 qua
2086 3387 2176 3452 ob
2207 3387 2510 3455 dolorem
2540 3391 2898 3467 vehemen-x

285 3466 541 3535 tiffime
651 3468 929 3550 itantur,
973 3469 1038 3535 in
1069 3482 1201 3534 tarn
1229 3468 1497 3562 grandi,
1541 3468 1742 3553 copio
1769 3488 1812 3533 o
1838 3469 1900 3535 δι
1925 3469 2300 3534 vehementi
2320 3467 2598 3537 'fervore
2627 3474 2689 3540 ὅ(
2708 3476 2913 3546 εὸιιὶι

285 3549 541 3618 litione
569 3549 592 3615 i
645 3548 743 3615 ius
765 3549 1314 3645 auraespirituosoe,
1361 3550 1425 3615 in
1457 3549 1737 3632 musculis
1768 3551 2094 3632 excitata,
2140 3568 2558 3636 erumperent
2583 3554 2645 3621 δι
2671 3553 2892 3625 ascen-

285 3629 545 3697 derent
569 3629 607 3697 a
640 3630 946 3697 cicatrice
973 3631 1476 3697 mnumerabiles
1503 3629 1701 3698 bullae
1728 3636 1940 3696 aereae
1971 3650 2092 3716 per
2142 3650 2406 3725 aquam,
2451 3652 2526 3699 ut
2569 3636 2633 3701 in
2678 3639 2896 3706 aheno

279 3709 602 3782 ferventi
646 3710 1010 3795 contingitt
1052 3712 1228 3796 quod
1319 3707 1528 3777 rorsus
1572 3728 1714 3777 non
1755 3726 2044 3799 apparet.
2126 3710 2327 3802 1g1tur
2354 3732 2488 3784 non
2517 3713 2900 3804 &spiritibus

277 3796 607 3881 corporeis
633 3792 882 3881 mtffculi
912 3791 1214 3864 inflantur
1247 3730 1316 3864 ἅ
1335 3806 1719 3864 moventur.

1613 3985 2093 4144 (023³-
2669 4029 2929 4104 Pne-
