3419 4538
560 210 684 278 232
944 163 949 167 ’
1100 182 1286 260 cn.
1375 179 1586 254 xv1.
1676 180 1817 249 DE
1898 176 2650 250 NUTR1T1oNE-

566 333 829 402 scutatis
849 381 868 414 ‚
918 349 1076 417 quas
1105 332 1376 415 patellas
1406 347 1649 397 vocant
1679 353 1695 397 t
1744 333 1842 397 hae
1874 333 2137 417 quidem
2170 350 2320 398 cum
2352 331 2718 396 nutriantur
2745 329 2806 396 ὅ(
2835 330 3198 412 crescant,

573 440 668 484 ore
678 419 902 501 supino
935 414 1102 478 arcte
1133 408 1412 496 scopulis
1444 410 1698 497 semper
1729 414 2122 479 adhaerendo
2141 462 2162 494 ,
2209 430 2283 477 ut
2313 411 2740 477 cucurbitulae
2789 412 3198 497 chirurgica:

564 503 743 584 ,carni
789 518 822 562 a
874 496 1130 579 plicatae
1165 541 1185 570 ,
1230 513 1357 559 nec
1405 514 1700 575 arenam,
1722 515 1847 559 nce
1879 492 2217 580 scopulum
2251 495 2568 572 erodunt,
2616 511 2743 558 nec
2773 492 3008 558 herbas
3033 542 3058 575 ,
3083 512 3202 558 aut

577 578 822 667 piscicu
851 598 923 642 os
952 576 1304 641 comedere
1338 574 1634 659 possunt,
1683 595 1831 640 cum
1877 577 2128 659 semper
2175 574 2334 640 saxis
2380 575 2790 658 agglutinatae
2822 621 2844 655 ,
2902 576 2969 641 δι
3012 574 3205 659 quafi

579 661 1023 728 ferruminatae
1064 672 1517 741 permaneant:
1563 658 1652 722 nil
1687 676 1845 741 ergo
1878 704 1897 737 ‚
1946 673 2183 741 praeter
2214 676 2479 741 aquam,
2525 653 2837 748 exsugere
2865 656 3153 754 possunt
3183 701 3204 733 ,

580 745 641 810 ἃ
676 759 890 808 tamen
925 742 1317 803 nutriuntur.
1403 739 1489 803 Et
1518 739 1754 822 plantae
1787 736 2013 821 postea
2046 758 2128 803 cx
2161 735 2293 804 sola
2339 757 2374 802 a
2424 758 2502 803 ua
2547 738 2773 802 nutriri
2826 738 3157 803 videntur
3182 783 3206 816 ,

584 842 659 890 ut
734 839 866 894 atet
912 821 973 885 in
1010 819 1227 885 herbis
1259 821 1717 902 vegetantibus
1746 817 1935 904 super
1964 839 2229 903 aquam3
2277 836 2343 884 at
2374 823 2392 884 i
2424 820 2540 897 lae,
2574 837 2717 902 quae
2752 819 2813 882 in
2843 834 3024 884 terra
3064 817 3208 883 fuas

586 928 658 973 ra
706 908 839 972 ices
869 896 1243 984 dispergunt
1274 947 1295 979 ,
1344 920 1477 966 non
1509 901 1816 966 videntur
1848 921 1931 968 ex
1959 902 2170 986 glebis
2204 902 2471 981 nutriri,
2520 897 2630 966 sed
2662 899 2698 964 a
2727 899 2861 965 sola
2901 920 3077 984 aqua
3105 895 3205 962 su·

590 980 947 1073 peraffusa,
993 1001 1076 1046 eo
1113 982 1301 1070 quod
1322 979 1450 1065 ipsa
1496 997 1665 1048 terra
1697 981 1982 1048 sub‘ecta
2010 1002 2141 1048 non
2175 983 2575 1048 imminuitur
2613 982 2792 1045 mole
2823 1028 2844 1060 ,
2888 1001 3006 1046 aut
3033 999 3207 1065 pon·

592 1070 748 1135 dere
779 1115 800 1147 ,
846 1066 1004 1130 licet
1046 1063 1127 1128 ab
1175 1082 1254 1128 ea
1297 1060 1448 1127 exsu
1497 1079 1673 1145 atur,
1722 1083 1801 1128 au
1841 1079 2180 1148 eraturque
2226 1061 2402 1128 vasta
2447 1063 2652 1128 moles
2698 1055 2902 1127 solida
2945 1064 3209 1127 arboris

596 1150 842 1217 ibidem
888 1147 1233 1229 plantatae,
1278 1161 1351 1209 ut
1483 1164 1999 1210 ELMONTIUS
2046 1147 2108 1211 ὁ(
2138 1145 2242 1211 alii
2289 1141 2712 1209 observarunt
2757 1145 2888 1226 (a)
2919 1191 2942 1223 ,
2990 1146 3108 1227 qui
3150 1162 3211 1206 a·

598 1251 722 1318 qua
748 1249 948 1314 pura,
997 1244 1237 1308 nempe
1270 1224 1589 1290 destillata
1621 1222 1878 1291 salicem
1910 1242 2326 1292 continenter
2361 1225 2724 1309 irrigand0‚
2772 1243 2916 1289 eam
2969 1243 3206 1289 excre-

602 1312 761 1379 viffe
790 1312 1055 1387 dicunt,
1105 1304 1339 1390 absque
1370 1304 1649 1373 sensibili
1680 1307 2110 1375 diminutione
2138 1308 2446 1392 ponderis
2478 1317 2667 1374 terrae
2712 1306 2896 1389 prius
2929 1303 3208 1371 exficca·

605 1414 688 1462 tae
820 1411 917 1457 uae
953 1391 1016 1454 in
1049 1407 1159 1452 vas
1190 1389 1474 1472 amplum
1522 1387 1790 1454 immiss'a
1820 1386 2054 1453 fuerat.
2709 1403 2710 1406 ’

687 1414 1004 1556 <ligemus
1035 1469 1269 1549 etiam,
1313 1467 1475 1533 ficus
1507 1471 1570 1534 in
1620 1469 1843 1536 fiss'uris
1882 1469 2302 1536 aedificiorum
2335 1471 2398 1537 ὁ(
2442 1469 2765 1536 montium
2809 1486 3204 1534 marmoreo·

608 1577 750 1624 rum
786 1554 1100 1619 radicatas
1127 1551 1394 1630 nutriri,
1438 1552 1500 1616 ἀ
1527 1552 1721 1616 valde
1757 1548 2048 1617 crescere
2093 1548 2327 1636 absque
2358 1571 2478 1633 eo,
2571 1549 2705 1613 uod
2730 1549 2875 1614 duri
2919 1550 3021 1616 illi
3069 1549 3208 1694 ΙΆξί·

611 1642 728 1706 des
761 1634 1159 1714 eroduntur‚
1201 1627 1311 1696 sed
1340 1633 1561 1714 potius
1599 1631 1834 1698 inflatis
1865 1634 2189 1699 radicibus
2233 1634 2443 1699 moles
2493 1571 2618 1698 iffae
2666 1627 3038 1696 finduntur.
3149 1634 3202 1694 ic

748 1737 875 1801 que
918 1715 1165 1793 vineae,
1214 1713 1393 1796 quod
1423 1714 1487 1778 iu
1519 1733 1713 1779 arena
1743 1732 2105 1780 marmorea
2147 1712 2356 1810 prop'e
2391 1716 2573 1780 littus
2603 1712 2874 1778 Catanae
2924 1709 3206 1778 crescunt

610 1740 1138 1874 ffiruffificanss
1185 1793 1220 1860 a
1254 1789 1390 1860 sola
1426 1814 1588 1878 aqua
1630 1795 1897 1878 pluviali
1945 1797 2171 1861 nutriri
2262 1795 2493 1862 offunt.
2580 1793 2735 1860 Vidi
2784 1813 3094 1880 quoque,
3130 1795 3205 1857 in·

659 1898 873 1947 entem
903 1876 1222 1960 populum
1253 1876 1611 1941 excreviss'e
1644 1923 1665 1956 ,
1728 1895 1959 1960 aquam
2001 1873 2070 1941 su
2117 1897 2197 1942 en
2247 1897 2289 1941 o
2380 1897 2450 1943 er
2492 1877 2778 1956 radices,
2825 1877 3009 1941 intra
3051 1892 3205 1960 aquae

663 1964 916 2038 uelum,
962 1955 1264 2022 adinstar
1305 1955 1462 2022 vasti
1510 1958 1571 2023 &
1614 1978 1695 2022 co
1746 1956 1862 2023 iofi
1908 1959 2076 2041 capil
2109 1961 2200 2024 itii
2235 2006 2256 2038 ‚
2367 1961 2725 2025 ucluantes.
2816 1957 3049 2049 Quare
3089 1973 3206 2021 non

620 2045 948 2112 immerito
979 2033 1273 2121 suspicari
1305 2040 1507 2119 licet,
1555 2058 1637 2104 ex
1707 2040 1816 2105 ola
1845 2058 2008 2130 aqua
2035 2040 2148 2106 has
2187 2041 2476 2128 plantas,
2523 2041 2585 2106 ἀ
2612 2039 2911 2124 superius
2943 2053 3203 2107 enarratu
3301 2085 3306 2094 .

622 2127 918 2195 animalia
947 2118 1273 2208 vegetaffe
1301 2122 1363 2189 ἀ
1405 2122 1785 2195 excreviffe.

1095 2319 1164 2411 P
1225 2345 1280 2407 R
1338 2343 1510 2410 01>
1567 2251 2746 2466 ⁰⁵¹T.¹'⁰.CXCI.V·

624 2503 1073 2621 [Suspican‘
1099 2507 1276 2591 licet
1298 2564 1325 2606 ‚
1377 2506 1753 2589 animah'a
1775 2521 2125 2616 pennata
2154 2511 2236 2590 in
2253 2501 2382 2612 fiai
2413 2466 3040 2591 nutrimentum
3067 2494 3150 2611 afi-

603 2672 607 2677 -
1034 2617 1348 2733 sismere
1382 2619 1681 2733 lapillos
1694 2680 1720 2723 ‚
1782 2644 1963 2731 quos
1995 2634 2161 2705 tam
2189 2620 2424 2707 avide
2456 2634 2777 2707 vorant.

717 2840 885 2907 Cum
931 2859 1016 2907 ex
1062 2839 1245 2905 diffls
1290 2838 1441 2906 colli
1493 2852 1671 2919 atur,
1718 2857 1853 2906 non
1896 2842 2099 2911 videri
2148 2844 2424 2911 omnino
2472 2842 2898 2920 incredibile,
2953 2830 3216 2906 animalia

639 2924 849 3007 aliqua
882 2922 1107 2986 nutriri
1140 2921 1319 3013 poss‘e
1350 2939 1432 2984 ex
1486 2919 1592 2984 ola
1624 2938 1794 2986 terra
1840 2924 2142 3007 arenosa,
2185 2943 2294 2991 aut
2338 2946 2424 2991 ex
2469 2923 2601 2993 sola
2640 2943 2840 3011 aqua,
2887 2916 3220 2986 videndum

641 3003 735 3069 est
768 3053 787 3083 ‚
836 3021 913 3067 an
948 3001 1279 3082 volatilia,
1326 3020 1467 3084 quae
1500 3005 1910 3068 ventriculum
1940 3010 2244 3092 carnosum
2289 3007 2533 3073 habent
2614 3008 2677 3074 δι
2725 3021 2907 3071 tanta
2936 3002 3112 3068 fame
3147 2995 3221 3061 la·

635 3086 834 3168 pillos
867 3082 1262 3161 comedunt,
1309 3101 1391 3146 ex
1424 3080 1662 3148 eisdem
1695 3075 1956 3170 aliquod
1990 3094 2424 3155 nutrimentum
2466 3110 2502 3155 a
2555 3102 2797 3155 uniant.

610 3192 617 3199 ·
720 3164 925 3257 Quod
959 3182 1118 3227 vero
1153 3165 1295 3235 talis
1328 3164 1701 3247 conjectura
1733 3185 1866 3232 non
1900 3166 1974 3233 fit
2003 3170 2258 3255 prorsus
2305 3191 2504 3250 vana,
2552 3168 2848 3238 infinuari
2896 3161 3120 3250 potest
3157 3173 3221 3251 e}

638 3260 945 3313 re1terata
989 3242 1389 3329 inspectione
1435 3251 1912 3314 ventriculorum
1959 3254 1996 3315 c
2045 3271 2359 3339 gnorum‚
2405 3254 2513 3333 qui
2555 3250 2698 3319 sunt
2740 3249 2900 3315 vasti
2939 3248 3003 3313 ὅ(
3047 3258 3219 3325 magls

636 3327 920 3408 robusti,
969 3346 1161 3411 quam
1193 3329 1256 3392 in
1299 3329 1595 3412 quolibet
1625 3332 1756 3395 alio
1790 3272 2042 3399 volatili
2075 3354 2354 3419 unquam
2394 3334 2694 3400 viderim.
2783 3331 2878 3397 Hi
2912 3327 3106 3405 sane,
3138 3334 3221 3388 aut

636 3410 1023 3491 volitand0‚
1072 3426 1182 3475 aut
1210 3406 1398 3494 super
1424 3430 1619 3494 aquas
1654 3413 2043 3496 innatandO,
2088 3432 2198 3481 aut
2226 3414 2596 3502 stagnorum
2640 3414 2795 3499 ripis
2843 3427 3109 3478 arenam
3134 3421 3219 3467 vo·

640 3493 849 3584 tando
882 3539 902 3571 ‚
948 3492 1148 3556 vitam
1200 3492 1603 3576 tranfigunt3
1676 3512 1908 3560 eorum
1952 3511 2168 3562 tamen
2211 3498 2544 3564 ventriculi
2588 3493 3013 3581 copiosissima
3058 3499 3218 3555 arena

640 3571 852 3717 stipati
886 3569 1136 3656 semper
1165 3589 1509 3667 apparent,
1558 3592 1773 3658 neque
1801 3575 2200 3662 fragmenta,
2244 3596 2355 3644 aut
2399 3580 2649 3664 integra
2693 3572 3084 3644 animalcula
3121 3583 3214 3633 ter·

641 3672 737 3747 re·
773 3673 862 3718 ria
892 3701 913 3734 ‚
957 3653 1065 3746 uel
1096 3656 1435 3799 aquatilia,
1483 3670 1592 3719 aut
1628 3658 1915 3740 gramina
1959 3678 2241 3744 unquam
2286 3662 2350 3725 in
2397 3662 2490 3725 eis
2537 3660 2991 3746 reperiuntur,
3052 3665 3213 3717 exce·

643 3749 773 3819 ptis
806 3753 1029 3819 paucis
1071 3731 1139 3799 su
1191 3736 1479 3802 tilissimis
1510 3735 1634 3802 filis
1667 3738 1955 3806 berbofis
1985 3780 2006 3821 ,
2071 3760 2214 3826 quae
2253 3741 2436 3809 simul
2484 3762 2633 3808 cum
2670 3759 2867 3806 arena
2914 3736 3214 3821 implicata

643 3816 1112 3882 comeduntur:
1162 3817 1292 3881 hoc
1323 3817 1559 3883 affidua
1586 3820 1987 3904 experientia
2016 3840 2104 3907 40
2135 3842 2449 3895 annorum
2494 3822 2855 3905 verificari,
2901 3818 3216 3888 affirmant

642 3899 781 3965 Ser.
814 3898 917 3965 M.
951 3896 1040 3963 D.
1074 3896 1574 3964 FERDINANDUS
1613 3902 1995 3971 SECUNDUS.
2883 3930 2886 3933 ·
3086 3977 3206 4045 Cer

847 4061 876 4145 (
899 4061 977 4145 a)
1026 4058 1221 4146 Prop.
1266 4076 1406 4144 175.
1440 4061 1644 4145 hujus.
