3419 4538
598 212 715 271 ιω
909 203 912 210 ·
1210 165 2686 265 cmxix.DEGRE5SU131PEDUAT.
2792 253 2803 262 .

596 348 861 415 humani
888 341 1293 429 suspenditur
1320 345 1358 410 ὲ
1394 359 1560 411 terra
1580 391 1601 423 ,
1646 342 1902 408 duobus
1925 345 2171 426 pedibus
2204 343 2438 408 eodem
2470 358 2766 436 tempore
2796 345 3103 428 elevatis,
3123 345 3191 415 Gt

601 433 692 495 ad
724 428 918 494 instar
948 426 1253 510 projecti.
1282 425 1528 571 suzam
1555 429 1618 490 dt
1645 429 1918 490 anterius
1946 423 2241 489 machina
2276 420 2572 490 universa
2600 426 2990 510 impellitur.-
3033 444 3101 493 at
3116 432 3185 495 in

601 507 818 604 gress‘u
848 505 1100 591 semper
1122 525 1364 600 corpus
1441 524 1745 573 umanum
1774 499 1917 571 solo
1951 505 2284 584 innititur,
2329 505 2590 570 alternis
2644 519 2859 570 tamen
2895 511 3188 600 pedibus,

601 610 671 657 ln
707 610 831 674 qua
858 589 1103 654 alterna
1134 588 1468 653 innixione
1500 586 1793 664 videtur,
1841 585 2016 669 quod
2045 585 2361 652 medietas
2378 599 2621 649 tantum
2689 587 3190 654 onderrshuma-

607 672 676 736 ni
708 670 1000 754 corporis
1028 686 1147 752 per
1174 668 1354 733 vices
1381 664 1782 761 suspenditur
1812 666 1875 731 δε
1907 662 2393 750 transportatur.
2443 666 2531 730 Ut
2562 663 2606 730 fi
2669 668 2838 731 uerit
2883 669 3194 736 columna

607 752 724 819 AB
754 749 1107 835 prostrata,
1153 762 1339 814 terrae
1370 749 1595 815 innixo
1627 749 1904 834 termino
1940 746 2077 828 ejus
2109 744 2197 824 B,
2241 743 2455 829 potest
2482 742 3041 814 sublevariaterra
3059 765 3191 815 ter-

579 833 825 899 ‘minus
851 830 948 910 A,
994 830 1054 895 &
1085 828 1420 895 transferri
1450 847 1568 923 per
1605 845 1829 893 arcum
1862 827 1983 893 AC
2013 830 2183 892 circa
2215 843 2515 919 centrum
2557 826 2640 891 B:
2685 828 2747 893 δι
2776 829 2841 894 in
2875 829 2986 893 tali
3038 827 3195 895 casu

606 913 949 997 potentia,
993 913 1255 976 elevans
1283 926 1628 975 terminum
1662 909 1989 1000 columnae
2022 907 2118 988 A,
2164 908 2424 1052 aegualis
2472 905 2565 970 est
2608 904 2834 972 semisii
2924 912 3197 977 onderis

610 995 816 1058 totius
846 992 1208 1070 columnae;
1250 1006 1599 1074 propterea
1629 989 1809 1073 quod
1839 990 2086 1073 reliqua
2116 1007 2221 1052 me
2271 993 2433 1054 ietas
2463 988 2768 1071 ponderis
2796 985 2864 1053 su
2926 992 3200 1058 'netura

608 1075 1029 1159 paviment0‚
1076 1085 1149 1136 ut
1176 1068 1431 1136 constat
1466 1089 1550 1134 ex
1577 1069 1994 1135 mechanicis.
2040 1067 2272 1133 Postea
2303 1068 2604 1133 columna
2637 1069 2703 1133 in
2733 1067 2885 1151 BC,
2931 1072 3196 1139 transsa-

503 1181 508 1188 κ’
608 1170 677 1219 ta
709 1149 915 1218 rursus
945 1152 1118 1216 circa
1148 1168 1447 1216 centrum
1478 1150 1572 1229 C,
1616 1146 1958 1215 sublevato
1987 1149 2194 1215 altero
2227 1165 2528 1214 extremo
2564 1149 2614 1212 B
2647 1167 2768 1232 per
2791 1167 3009 1217 arcum
3029 1152 3197 1234 BD,

610 1231 940 1301 transferri
973 1230 1189 1317 potest
1215 1231 1296 1296 ad
1325 1227 1514 1296 situm
1544 1229 1669 1318 CD
1698 1230 1942 1313 pariter
1971 1250 2007 1296 a
2036 1231 2369 1324 potentia,
2414 1229 2643 1373 aeguali
2678 1231 3006 1297 medietati
3025 1252 3198 1316 pon·

611 1316 785 1382 deris
829 1313 1191 1392 columnae,
1236 1312 1298 1378 δι
1343 1309 1429 1378 fic
1471 1311 1762 1376 ulterius.
1809 1311 1898 1376 At
1943 1330 2143 1392 majus
2187 1328 2468 1394 compen
2516 1329 2649 1374 rum
2679 1311 2908 1394 quaerit
2937 1311 3198 1380 Natura

604 1392 1055 1479 sapientiffima
1088 1394 1150 1457 in
1182 1390 1422 1477 gress'u3
1463 1393 1674 1457 minus
1704 1392 1878 1460 enim
1914 1392 2270 1484 quadrante
2302 1390 2610 1474 ponderis
2640 1389 2932 1457 humanae
2948 1394 3199 1462 molise

615 1493 789 1542 terra
820 1475 1182 1538 alternatim
1211 1469 1617 1556 suspenditur
1644 1491 1681 1537 a
1712 1472 1776 1536 vi
1807 1473 2215 1555 musculorum.
2716 1509 2721 1514 -

605 1613 608 1616 ,
690 1555 788 1620 Sit
829 1572 1073 1640 corpus
1119 1554 1470 1618 humanum
1521 1553 1577 1618 R
1621 1551 1758 1698 Εἷς,
1812 1570 1909 1635 13.
1957 1551 2160 1618 TAB.
2205 1550 2293 1616 X.
2340 1551 2626 1618 ereetum
2657 1554 2721 1619 δε
2750 1541 2952 1634 stans,
3000 1551 3201 1640 super

610 1636 867 1702 duobus
886 1637 1134 1717 pedibus
1163 1633 1276 1700 BC
1309 1635 1640 1713 innixum3
1709 1652 1852 1698 mea
1878 1631 2326 1716 propensionis
2357 1631 2484 1699 AD
2500 1653 2584 1700 ex
2602 1650 2837 1699 centro
2901 1636 3197 1705 ravitatin

573 1729 580 1740 '
610 1719 673 1785 A
710 1716 901 1782 cadet
929 1715 1102 1780 iuter
1133 1715 1301 1779 duos
1321 1718 1497 1808 pedes
1528 1715 1593 1778 in
1625 1712 1691 1782 D
1776 1713 2029 1796 eritque
2063 1713 2446 1796 triangulum
2482 1714 2652 1781 ΑΒΕ
2673 1710 2872 1792 isosce
2899 1734 2960 1780 e.
3008 1716 3204 1784 Patet

591 1798 693 1863 'ad
723 1796 989 1861 oculum
1070 1795 1246 1878 quod
1276 1794 1568 1860 distantia
1593 1760 1730 1861 Dc‘
1753 1793 1967 1859 minor
1994 1790 2087 1858 est
2115 1809 2339 1877 quarta
2352 1809 2536 1878 parte
2553 1796 2976 1881 longitudinis
2994 1801 3200 1864 totius

595 1878 947 1944 coxendicis
978 1841 1038 1941 ἐι
1063 1877 1232 1957 pedis
1263 1875 1415 1954 BA,
1461 1875 1568 1939 vel
1597 1873 1739 1941 AC.
1785 1871 2018 1940 Postea
2044 1871 2425 1958 confidero,
2518 1876 2650 1941 uod
2681 1878 2935 1960 pondus
2988 1880 3196 1943 totius

597 1956 892 2025 ‚hominis
922 1955 985 2023 R
1009 1951 1370 2039 suspensum
1403 1955 1723 2021 retinetur
1745 1973 1785 2019 a
1815 1954 2061 2039 duplici
2090 1956 2385 2038 potentia
2404 2003 2425 2036 ‚
2498 1957 2718 2022 cilicet
2746 1978 2781 2022 a
2809 1961 3037 2023 duritie
3053 1960 3200 2042 cffecz

599 2039 1104 2117 columnarum,
1149 2037 1258 2101 vel
1288 2034 1692 2117 fulcrorum,
1740 2034 1892 2114 AB,
1940 2035 2094 2116 AC,
2140 2035 2204 2100 ἀ
2248 2056 2285 2100 a
2327 2037 2393 2100 vi
2438 2040 2831 2119 nuq'culorum
2857 2084 2878 2116 ,
2942 2058 3083 2123 quae
3126 2041 3195 2107 in

601 2113 1229 2186 direEtumextensas
1245 2117 1483 2182 retinet
1503 2111 1754 2181 easdem
1773 2118 2108 2182 columnas
2122 2163 2143 2196 ‚
2179 2117 2239 2183 ὅ(
2259 2117 2532 2201 impedit
2547 2164 2566 2198 ‚
2584 2137 2674 2185 ¹ne
2692 2118 2801 2202 qffa
2818 2116 3119 2186 dissoluta
3134 2122 3200 2188 δι

502 2271 505 2276 ,
601 2198 1117 2275 Ηεκίϋίῐίειείτεει
1144 2198 1432 2262 articulos
1463 2197 1884 2262 inflectantur.
1934 2196 2135 2262 Porro
2166 2214 2416 2264 certum
2470 2197 2600 2279 est,
2644 2200 2819 2283 quod
2869 2220 3007 2280 vis,
3051 2221 3197 2296 quae

614 2296 962 2347 exercetur
980 2299 1019 2345 a
1032 2279 1265 2346 duritie
1282 2279 1731 2345 columnarum
1765 2277 1883 2344 AC
1897 2326 1919 2360 ‚
1940 2277 2053 2344 AB
2067 2325 2089 2359 ,
2111 2276 2508 2368 mensuratur
2525 2298 2559 2344 a
2562 2281 3101 2374 perpendiculari
3125 2285 3200 2348 li·

614 2382 737 2429 nea
781 2361 942 2427 AD:
988 2362 1027 2428 ὲ
1074 2376 1305 2426 contra
1349 2360 1486 2440 vis,
1535 2379 1677 2443 quae
1709 2375 2059 2424 exercetur
2089 2358 2126 2424 a
2158 2361 2435 2443 musculis
2467 2379 2654 2427 unius
2719 2364 2882 2442 edis,
2928 2365 3195 2445 aequalis

614 2444 710 2510 est
740 2458 1079 2509 momento
1111 2441 1353 2508 dimidii
1388 2442 1697 2524 ponderis
1729 2441 1823 2519 R,
1871 2438 2023 2508 fulti
2052 2460 2088 2505 a
2135 2457 2378 2521 conto,
2423 2438 2535 2506 seu
2575 2460 2619 2505 v
2725 2461 2764 2508 e
2809 2441 2963 2522 AC,
3009 2442 3198 2508 flexi·

612 2526 727 2593 bili
761 2526 935 2591 circa
969 2539 1263 2589 centrum
1294 2520 1402 2600 C,
1438 2521 1615 2605 quod
1645 2537 2048 2587 momentum
2081 2522 2482 2588 mensuratur
2513 2541 2550 2589 a
2576 2522 2746 2588 linea
2777 2521 2920 2588 DC.
2972 2524 3199 2617 Quare

613 2620 1023 2672 momentum
1053 2602 1314 2667 virtutis
1345 2603 1610 2671 motivae
1639 2601 2067 2687 musculorum,
2117 2603 2473 2688 impediens
2510 2603 3024 2669 incurvationem
3060 2626 3201 2669 cru·

610 2686 845 2827 rumgra
859 2687 1073 2766 pedum
1099 2681 1258 2763 AC,
1301 2679 1457 2761 AB,
1503 2681 1712 2746 minus
1749 2679 1841 2747 est
1874 2695 2099 2766 quarta
2129 2683 2750 2770 part-eponderisR,
2796 2685 3059 2769 quando
3079 2687 3197 2750 ho·

680 2784 723 2828 o
850 2777 896 2827 to
2664 2808 2669 2813 “
3002 2802 3051 2823 0⁴⁸

609 2785 1190 2911 mC0nfideremus
1218 2841 1421 2910 modo
1449 2854 1705 2909 motum
1737 2842 2010 2910 incess’us
2039 2844 2321 2911 hominis
2338 2867 2372 2926 3-
2402 2846 2464 2912 ὁ(
2492 2861 2657 2911 noto
2676 2894 2696 2926 ,
2738 2832 2929 2932 qu'bd
2949 2845 3199 2911 machi-

605 2943 699 2992 -na
727 2925 783 2991 R
792 2924 1197 3070 fpromoveri
1229 2919 1448 2988 versus
1481 2920 1539 2988 K
1566 2942 1704 2988 non
1780 2924 1992 3005 otest,
2036 2924 2149 2991 nifi
2184 2927 2573 3021 triangulum
2605 2924 2953 2992 isoscelium
3014 2925 3201 2992 ABC

600 3023 788 3085 ‚trans
821 3019 1113 3069 ormetur
1140 3006 1206 3069 in
1240 3003 1676 3088 rectangulum
1708 2945 1778 3074 gt)
1801 3006 2264 3090 ambligonium
2286 3053 2308 3087 ,
2354 3022 2443 3072 ita
2472 3023 2543 3073 ut
2568 3009 2830 3093 angulus
2860 3004 3036 3072 ABC
3078 3003 3209 3072 fiat

613 3088 829 3234 primo
861 3084 1107 3164 τείως,
1150 3084 1212 3148 &
1240 3081 1467 3167 postea
1493 3083 1795 3166 obtusus,
1845 3085 1976 3151 hoc
2005 3101 2224 3153 autem
2268 3086 2551 3169 praestari
2596 3107 2732 3153 non
2775 3085 3033 3172 potest,
3081 3085 3204 3152 nisi

641 3166 959 3251 ungitudo
992 3166 1206 3229 lateris
1243 3164 1360 3230 AC
1389 3181 1736 3250 augeatur,
1779 3167 1841 3232 &
1869 3167 2036 3232 latus
2069 3168 2180 3233 AB
2210 3169 2611 3233 decurtetur.
2657 3171 2747 3234 At
2782 3169 2923 3234 talis
2964 3187 3006 3231 o
3059 3186 3199 3232 era·

615 3250 712 3313 tio
757 3247 955 3312 facile
999 3244 1111 3327 fit,
1154 3245 1494 3330 dirigendo
1528 3247 1807 3329 plantam
1842 3251 2015 3331 pedis
2060 3248 2153 3330 C,
2198 3249 2550 3314 efficiendo
2597 3249 2903 3332 angulum
2932 3269 2964 3312 c
3059 3250 3202 3313 anei

615 3325 957 3406 obtusum
1000 3327 1084 3394 iic
1114 3327 1286 3391 enim
1317 3344 1486 3413 apex
1507 3330 1679 3410 pedis
1712 3341 1937 3417 tanget
1963 3329 2403 3412 pavimentum
2486 3329 2552 3394 δι
2583 3343 2817 3394 contus
2854 3328 2971 3395 AC
3013 3328 3202 3393 elon-

661 3410 904 3474 abitur·
951 3405 1126 3473 fimul
1162 3405 1339 3472 flexo
1370 3426 1715 3493 parumper
1736 3428 1936 3495 genu,
1979 3409 2042 3475 dt
2069 3410 2307 3495 angulo
2339 3375 2704 3488 εαῖεαηεὶΒ,
2747 3408 3206 3475 decurtabitur

612 3432 954 3572 fongitudo
979 3489 1161 3551 conti
1193 3489 1339 3552 AB:
1385 3506 1469 3552 ex
1503 3507 1634 3571 quo
1665 3488 1775 3569 fit,
1821 3507 1895 3554 ut
1924 3491 2222 3555 machina
2254 3491 2308 3555 R
2339 3506 2840 3573 promoveatur,
2859 3485 3200 3573 quousque

611 3563 782 3634 linea
819 3586 939 3653 pro
988 3566 1264 3633 enfionis
1293 3566 1422 3637 AD
1453 3570 1783 3635 coincidat
1813 3589 1963 3634 curn
1995 3570 2146 3651 AB,
2191 3567 2438 3635 scilicet
2467 3564 2796 3654 quousque
2832 3572 3004 3635 linea
3033 3568 3201 3635 inni-

611 3651 826 3715 xionis
858 3649 913 3715 A
1005 3648 1116 3713 fiat
1145 3648 1700 3733 perpendicularis
1733 3650 1811 3715 ad
1830 3650 2268 3731 horizontem.
2316 3650 2515 3716 Tunc
2577 3651 2948 3734 atet‚quod
2963 3666 3203 3735 poten·
3248 3690 3253 3691 ff

613 3731 701 3796 tia
732 3729 878 3811 illa,
923 3748 1064 3813 quae
1086 3732 1289 3812 pedem
1316 3728 1439 3795 AC
1468 3727 1831 3811 distendit,
1857 3731 2014 3797 dum
2056 3732 2220 3797 alter
2240 3745 2345 3815 pes
2377 3732 2489 3799 AB
2545 3732 2660 3795 olo
2695 3731 3029 3810 innititur,
3077 3731 3200 3795 mi·

609 3830 734 3879 nor
769 3809 861 3875 est
935 3811 1242 3874 uadrante
1272 3808 1460 3956 icpifius
1490 3810 1800 3893 ponderis
1834 3810 1910 3876 R.
1957 3812 2242 3905 Quando
2271 3831 2432 3877 vero
2460 3812 2756 3876 machina
2785 3812 3001 3878 eredita
3017 3808 3114 3874 est
3134 3810 3205 3875 iu

606 3891 734 3962 [ιω
767 3890 887 3961 RA
956 3936 980 3973 ‚
1023 3907 1274 3977 perpen
1345 3890 1548 3958 culari
1582 3890 2507 3974 adhorizontem,universum
2525 3891 2781 3976 pondus
2799 3889 3211 4038 sustine‘ffiria
