3419 4538
531 109 644 193 ,μι
1031 87 1093 158 e
1113 103 1230 159 n.
1275 82 1389 163 m.
1430 86 1562 159 nn
1607 46 1910 157 omns
1951 81 2618 158 PRoBAmLmUS.

533 245 599 313 &
628 238 1156 338 qua->necestitate
1189 254 1368 307 tanta
1395 239 1623 326 regula
1653 240 1719 309 dt
1745 238 1979 307 ordine
2013 235 2153 305 suas
2181 240 2510 307 motiones
2537 247 2833 335 peragat.
2914 236 3165 313 Confl-

537 327 723 394 milia
751 323 927 388 circa
961 319 1246 404 musculos
1276 319 1320 387 fi
1352 323 1641 406 reperire
1671 339 1809 389 non
1837 321 2217 407 potuimus,
2262 316 2490 389 saltem
2516 338 2643 409 pro
2671 320 2920 388 viribus
2952 324 3151 390 inve-

530 404 765 490 stigare
800 401 912 468 nifi
946 397 1182 467 sumUS.
1271 402 1356 468 Et
1428 404 1594 469 rimo
1627 403 1942 482 adverte,
1985 418 2119 469 non
2152 397 2444 469 debuiss'e
2473 418 2721 468 nomen
2741 401 2909 484 fibra
2928 410 3153 472 metri-

537 491 626 553 cis
657 487 752 550 eis
784 484 1070 567 imponi,
1116 485 1265 569 quia
1297 486 1363 568 ip
1394 503 1450 548 ε
1464 482 1633 566 fibrae
1664 503 1798 550 non
1831 479 1974 548 sunt
2002 481 2319 546 machinae
2350 479 2415 546 se
2447 500 2831 565 moventeS,
2872 502 3021 550 cum
3078 484 3155 554 se

537 568 822 634 habeant
853 583 1030 644 mere
1107 566 1339 646 asfive,
1383 565 1445 631 δι
1475 584 1559 631 ex
1589 560 1681 629 sui
1714 579 1938 633 natura
1968 561 2086 629 fint
2114 563 2354 631 inertes
2442 582 2569 629 nec
2601 581 3023 643 moveantur,
3050 569 3160 634 ni·

534 648 732 733 fi-per
763 665 980 711 nervos
1016 666 1049 711 a
1100 644 1694 730 veniatimpulsus,
1743 645 1781 711 a
1827 646 2141 709 voluntate
2183 610 2501 710 immifsus.
2588 646 2936 726 Secundo,
2986 647 3169 716 licet:

537 749 675 809 uon
706 728 899 794 videa
971 746 1045 792 us
1077 727 1450 793 structuram
1481 728 1857 820 organicam
1877 723 2216 807 fibrarum,
2258 728 2652 810 percipimus
2704 742 2921 792 tamen
2965 728 3003 795 ὲ
3031 728 3165 816 fig·

545 830 636 879 no
669 807 912 885 manife
972 826 1015 871 o
1099 809 1276 893 quod
1305 806 1425 873 fint
1459 806 1691 875 ssmiles
1725 823 1972 873 catenae
2002 807 2497 889 contrahibilis,
2544 827 2629 872 ex
2670 809 2925 874 annulis
2968 828 3162 879 com-

543 891 811 978 pofitae,
857 907 998 972 quae
1031 857 1069 956 a
1097 889 1322 956 cuneis
1355 890 1640 955 immistis
1671 886 1973 953 contrahi
2004 885 2301 970 possunt,
2348 908 2497 957 nam
2542 889 2846 973 operatio
2890 889 3158 1035 ignitio·

544 976 683 1053 m's,
731 967 1008 1049 tenfiom’s
1036 973 1099 1038 ὅ(
1128 970 1551 1036 contrah'tionis
1582 964 1808 1035 salvari
1844 987 1977 1034 non
2061 966 2235 1033 otest
2265 970 2347 1034 ab
2374 972 2498 1037 alia
2532 969 2875 1050 structura,
3010 972 3159 1038 alio

429 1061 440 1071 '
551 1053 758 1122 modo
786 1050 1050 1129 diverso
1082 1052 1163 1118 ab
1199 1070 1322 1132 eo,
1367 1069 1561 1144 quem
1592 1048 1776 1144 supra
1816 1068 1990 1133 expo
2021 1050 2267 1129 uimuS,
2311 1070 2462 1117 cum
2498 1049 2768 1123 Naturae
2815 1054 3157 1134 operatio·

548 1128 1146 1289 gaeigiittatisacileffi
1191 1131 1512 1216 fimphces
1559 1132 1622 1212 ὃς
1663 1147 1848 1214 Juxta
1888 1132 2072 1213 leges
2118 1130 2567 1213 mechanicas,
2611 1150 2755 1216 quae
2798 1127 2945 1199 sunt
2969 1133 3169 1220 legen

895 1235 967 1282 ιε.

1083 1406 2126 1512 PRoPosi‘rxo
2235 1404 2628 1497 XXIX.

673 1618 1096 1733 Neceffitas
1128 1623 1244 1728 {9⁹
1272 1627 1489 1710 ratio
1523 1620 1953 1710 mechanica
1967 1675 1997 1718 ‚
2058 1647 2308 1733 quare
2362 1620 2626 1706 debilis
2677 1621 2823 1707 illa
2874 1617 3170 1727 ebulliff

830 1736 954 1823 tio
977 1799 1005 1843 ,
1061 1739 1144 1822 in
1183 1731 1574 1825 musculis
1584 1729 1831 1935 {iga
1829 1795 1887 1930 ᾧ
1887 1730 2423 1933 αἰίιὲιΐῐιεῐιίειω
2453 1731 2638 1825 vim
2663 1760 2890 1823 exer·

646 2057 982 2126 Grandem
1012 2057 1075 2124 &
1105 2056 1506 2123 ineffabilem
1537 2053 1665 2121 esse
1697 2057 1829 2120 vim
1854 2055 1916 2121 ὅ(
1941 2056 2242 2140 energiam
2269 2053 2700 2140 musculorum,
2748 2058 3167 2151 patetexde-

564 2138 929 2208 monstratis
959 2140 995 2221 <
1011 2144 1117 2220 a).
1163 2140 1229 2205 Si
1263 2139 1436 2204 enim
1476 2136 1967 2202 considerentur
2005 2153 2233 2201 omnes
2269 2135 2623 2217 machinae,
2669 2139 2905 2221 quibus
2934 2145 3167 2225 muscu-

567 2223 614 2288 li
644 2239 883 2307 agunt,
929 2221 1054 2287 erit
1081 2221 1217 2303 vis,
1266 2237 1456 2306 quarn
1486 2216 1742 2285 Natura
1772 2232 2081 2299 exercet,
2125 2217 3170 2306 millies&milliesmajor,quam

562 2302 642 2370 fit
670 2302 1041 2388 resistentia.
1126 2302 1181 2367 E
1214 2316 1445 2369 contra
1477 2299 1714 2366 debilis
1746 2297 1875 2364 esse
1907 2300 2166 2364 videtur
2197 2300 2499 2380 ebullitio,
2541 2300 2606 2366 in
2634 2320 2736 2365 mu
2762 2303 2916 2367 culis
2943 2300 3114 2367 faeta
3132 2348 3167 2384 ,

562 2404 753 2471 quam
777 2380 1065 2479 superius
1096 2381 1668 2474 confideravimuS.
1753 2379 1994 2474 Afferri
2024 2381 2219 2527 igitur
2264 2381 2463 2446 debet
2509 2398 2675 2447 nece
2726 2398 2846 2450 itas
2887 2382 2947 2448 ὅ(
2989 2382 3171 2448 ratio

563 2467 1014 2613 mechamca,l
1045 2484 1240 2550 quare
1272 2464 1573 2550 potentia
1601 2462 1716 2528 llla
1742 2479 2009 2534 minima
2072 2463 2564 2529 ermentationis
2607 2461 2984 2530 immensam
3024 2463 3173 2534 vim

564 2566 988 2614 exercere-va
1018 2563 1146 2612 eat.
1231 2571 1236 2576 ·

648 2629 735 2694 Et
763 2629 975 2710 primo
994 2674 1016 2708 ,
1063 2626 1240 2711 quod
1271 2626 1415 2698 talis
1443 2626 1612 2692 afflo
1643 2625 1884 2691 nedum
1912 2623 1987 2690 fit
2013 2625 2365 2710 possibilis,
2409 2621 2519 2691 sed
2566 2627 2652 2693 de
2697 2624 2879 2693 faCto
2931 2626 3124 2702 detur
3134 2673 3169 2709 ,

619 2713 756 2775 atet
783 2708 1093 2791 exemplo
1121 2704 1297 2772 funis
1326 2704 1715 2773 madefafti:
1761 2707 2057 2773 videmus
2086 2709 2299 2788 enim,
2318 2733 2325 2738 ·
2347 2705 2572 2773 funem
2609 2726 2743 2774 non
2773 2708 2855 2773 ab
2872 2708 2997 2774 alia
3013 2726 3173 2772 cau-

600 2812 636 2857 a
665 2787 907 2869 inflari,
952 2787 1253 2854 contrahi
1287 2788 1348 2854 dt
1377 2787 1640 2852 elevare
1672 2785 1847 2853 vasta
1877 2789 2208 2870 pondera,
2256 2807 2447 2872 quam
2464 2789 2545 2854 ab
2562 2788 2895 2855 exiliflima
2912 2789 2977 2854 vi
3091 2806 3169 2854 n·

567 2872 740 2940 deris
770 2870 1190 2955 granulorum
1219 2887 1399 2954 aquae
1420 2915 1440 2949 ,
1488 2887 1631 2953 quae
1649 2916 1673 2949 ,
1722 2886 1855 2934 non
1882 2864 2066 2933 secus
2099 2888 2176 2934 ac
2209 2870 2439 2949 cunei,
2484 2870 2654 2936 inter
2682 2867 2872 2936 fibras
2888 2871 2951 2934 in
3003 2887 3166 2933 nua-

570 2963 636 3020 ta
657 2950 1181 3018 *contractionem
1212 2948 1386 3015 funis
1412 2949 1805 3034 producunt.
1893 2947 2053 3016 Hoc
2081 2966 2298 3016 autem
2326 2949 2571 3035 pendet
2603 2969 2740 3016 tum
2771 2969 2852 3015 ex
2885 2944 3167 3033 copiosa

567 3032 1116 3116 multiplicatione
1149 3049 1504 3096 cuneorum
1531 3029 1714 3096 fimul
1747 3032 2200 3115 operantium,
2248 3048 2386 3098 tum
2416 3033 2612 3098 etiam
2643 3050 2727 3097 ex
2742 3049 2863 3097 ene
2940 3031 3000 3095 ia
3012 3047 3166 3095 mo·

568 3129 676 3180 tus
703 3113 1072 3197 &impetus
1154 3113 1488 3191 ercussivi,
1534 3130 1665 3195 quo
1696 3113 1959 3205 granula
1989 3111 2102 3179 illa
2131 3113 2499 3194 innumera,
2550 3131 2865 3177 exeun-en
2911 3131 2954 3177 o
2985 3111 3163 3179 intra

565 3194 873 3263 fibrarum
904 3214 1074 3278 poro
1101 3209 1293 3261 itates
1325 3195 1387 3259 ἀ
1419 3192 1793 3272 interstina,
1839 3188 2140 3277 superare
2220 3193 2427 3260 ossunt
2455 3193 2817 3279 quamlibet
2868 3190 3164 3262 resisten-

571 3279 729 3348 tiam
759 3273 1238 3363 quiescentem,
1283 3291 1358 3339 ut
1388 3270 1899 3342 demonstratum
1932 3272 2027 3342 est
2057 3213 2218 3359 (bf.
3050 3317 3055 3320 -

649 3359 814 3425 Cum
849 3377 1051 3441 porro
1067 3355 1387 3441 structura
1414 3353 1664 3436 musculi
1694 3354 1760 3419 δι
1785 3354 1922 3435 ejus
1952 3355 2105 3420 ustio
2136 3354 2514 3440 contraffiva
2540 3374 2675 3422 non
2705 3359 2984 3425 omnino
3031 3354 3166 3424 dif-

567 3437 741 3505 ferat
771 3438 807 3504 a
836 3437 1317 3522 compofitione
1354 3436 1413 3501 &
1444 3435 1832 3517 operatione
1867 3434 2212 3502 madefacti
2241 3435 2455 3518 funis,
2502 3437 2699 3503 ambo
2728 3441 2906 3506 enim
2936 3458 3022 3505 ex
3063 3438 3164 3504 in·

567 3521 850 3585 numeris
879 3519 1095 3600 fibris,
1143 3516 1593 3603 frequentibus
1625 3515 1667 3581 li
1717 3515 1914 3579 aturis
1946 3511 2240 3582 discretis
2258 3518 2593 3599 constant,
2636 3520 2698 3585 ὅτ.
2727 3519 2884 3586 ideo
2916 3516 3162 3606 poi-ost*

567 3613 734 3672 tates
762 3598 1242 3686 oblongasnon
1274 3597 1580 3663 rotundas
1611 3596 1691 3660 ha
1740 3613 1853 3660 ent
1940 3614 2081 3680 quae
2113 3596 2458 3666 dilatantur
2488 3600 2656 3665 ultra
2684 3619 2790 3682 40.
2942 3603 3063 3669 dus
3077 3599 3158 3665 ab

569 3678 895 3745 insinuatis
924 3678 1364 3763 corpusculiS,
1409 3678 1612 3743 veluti
1646 3676 1682 3743 a
1714 3642 1989 3743 totid'em
2025 3679 2284 3760 eune-ie,
2330 3682 2438 3765 qui
2470 3683 2536 3747 in
2570 3682 2809 3747 immeo
2842 3703 2949 3748 um
2995 3679 3155 3747 mul·

567 3761 884 3847 tiplicati,
928 3759 1111 3826 fimul
1141 3773 1495 3843 operantur
1523 3762 1594 3823 vi
1621 3770 1816 3825 motus
1846 3759 1911 3824 ὅ(
1960 3763 2209 3848 energia
2241 3760 2659 3846 percuffionis,
2706 3781 2937 3831 contra
2986 3763 3157 3826 iner-

563 3856 698 3909 tem
723 3844 784 3910 ἀ
826 3838 1270 3927 quiescentem
1302 3836 1704 3922 resistentiam.
2690 3874 2698 3884 ·

577 3977 583 3985 ·
630 3969 766 4055 (a)
813 3968 975 4054 Gap.
1030 3981 1134 4049 17.
1181 3982 1351 4051 part.
1403 3984 1461 4033 t.
1690 3966 1837 4054 (b)
1880 3967 2027 4038 Lib.
2071 3968 2185 4039 De
2208 3971 2289 4041 ‘vi
2316 3968 2597 4046 Percuss‘.
2642 3968 2846 4056 Pro'p.
2895 3984 3045 4048 190·

2942 3841 3167 3908 Diffe-
3291 3934 3295 3937 .
