3419 4538
362 174 551 189 .,.-
960 173 2044 264 FEBRILIS.‚
2624 187 2786 256 '281

188 335 559 421 ‘horologium
572 376 596 410 ,
625 324 815 413 fiatis
859 327 1210 418 temporibus
1248 326 1507 420 ,redeatfl
1538 325 1723 407 cuius
1753 329 2168 412 phaenomeni
2202 344 2332 396 tam
2363 332 2543 397 ardui
2576 331 2791 398 latent

198 421 417 486 adhuc
463 413 702 480 intimae
732 454 754 488 ,
810 424 1090 498 propria}
1131 406 1194 472 &
1242 424 1439 471 imme
1489 422 1631 472 iatae
1674 409 1908 493 causae:
1964 429 2162 492 quare
2208 415 2508 482 contenti
2552 414 2797 478 erimus

184 496 600 581 <conjecturis
629 491 758 557 illis
785 486 1202 574 generalibus
1228 533 1252 567 ,
1296 504 1437 572 quae
1480 486 1861 556 subodorari
1892 490 2172 575 poss'unt.
2224 492 2400 589 Quia
2430 540 2453 575 ,
2499 496 2796 577 comple·

188 599 280 646 ·to
324 597 460 644 uno
495 570 851 720 paros-,gnte
877 616 901 650 ,
942 564 1336 652 subsequens
1379 572 1684 637 renovari
1730 590 1864 639 non
1897 575 2143 657 poterit
2172 620 2193 653 ,
2240 573 2352 640 mii
2395 576 2615 642 denuo
2658 577 2798 640 reli·

200 666 359 750 qaioe
383 658 679 744 fermenti
811 651 1016 716 humor
1043 650 1313 733 viscidus
1354 650 1521 716 auCti
1559 652 2102 738 multiplicatique
2132 655 2483 722 observant
2512 654 2798 723 secunda

200 746 360 809 vice
393 738 729 807 excretoria
765 732 914 818 vasa
1009 731 1072 798 ἀ
1106 731 1401 814 repleant
1438 733 1501 798 dt
1529 749 1820 827 pungant
1860 732 2085 817 orificio
2130 739 2517 803 nervulorum
2563 757 2795 804 earun-

204 826 362 891 dem
398 819 847 909 glandularum.
934 778 1021 878 iit
1063 813 1404 908 completo
1449 831 1662 897 prlmo
1696 816 2050 899 paroxysmo
2075 864 2096 895 ,
2144 816 2340 883 cessat
2393 815 2644 903 efflnxus
2685 840 2794 884 ve-

204 909 439 973 bemens
505 900 834 1046 anfninis,
879 894 916 960 a
949 912 1090 989 ‘quo
1135 889 1282 976 ostia
1315 896 1745 987 glanaalarnm
1793 899 2013 980 patula
2053 901 2115 964 ὃ(
2161 917 2381 982 aperta
2426 901 2796 966 retineban-

213 1005 344 1054 tur.
493 1002 522 1047 t
546 1001 580 1046 a
611 978 808 1044 iunde
848 977 959 1040 relz
1006 978 1115 1038 uiae
1138 975 1439 1068 fermenti
1481 995 1547 1041 m
1583 979 1905 1062 glandulas
1954 997 2125 1044 nova
2173 980 2622 1045 elaboratione
2648 983 2796 1063 „licc-

204 1089 302 1135 cos
334 1066 588 1151 vescidos
618 1062 678 1127 &
709 1078 877 1123 acres
921 1076 958 1121 a
1005 1072 1344 1121 vementes
1385 1055 1837 1124 fermentant:
1899 1080 2057 1143 ergo
2106 1060 2186 1124 ab
2237 1062 2311 1136 iis
2342 1062 2489 1144 vasa
2531 1076 2795 1125 excreto-

205 1155 316 1217 ria
326 1196 354 1230 ,
398 1148 461 1214 δι
486 1141 713 1229 postea
737 1137 940 1224 ostiola
979 1157 1299 1202 nervorum
1338 1135 1622 1231 secu-uda
1651 1140 1799 1205 vice
1843 1139 2128 1205 infarciri
2161 1188 2184 1222 ,
2230 1136 2478 1209 obstrui
2502 1144 2566 1209 &
2594 1143 2798 1227 pungi

205 1243 551 1318 poterunt.
632 1222 854 1290 Modo
900 1235 1153 1284 certum
1197 1215 1292 1283 est
1323 1265 1345 1299 ,
1391 1217 1746 1286 unlversam
1782 1221 1947 1287 hanc
1992 1227 2381 1306 operationem
2453 1229 2797 1288 ermentati-

210 1333 399 1390 vam,
441 1309 503 1375 ἁ
530 1301 972 1390 obstrustionem
1003 1300 1281 1384 vasorum
1324 1300 1387 1364 in
1424 1302 1738 1386 glandulis
1767 1301 1907 1367 fieri
1942 1304 2004 1370 δε
2032 1303 2272 1370 absolvi
2318 1306 2400 1370 de
2451 1324 2561 1370 ere
2607 1321 2799 1370 certo

211 1397 277 1463 ὅ(
308 1390 750 1457 determinato
794 1399 1135 1466 tempore,
1183 1399 1315 1447 non
1361 1386 1425 1446 in
1473 1380 1778 1463 instanti;
1820 1383 2132 1468 siquidem
2154 1386 2382 1469 succus
2422 1387 2799 1464 fernientati-

212 1495 377 1553 vus,
420 1473 483 1539 &
512 1468 747 1553 viscida
770 1465 1027 1530 materia
1058 1462 1217 1529 ess‘et
1253 1462 1323 1528 in
1353 1463 1658 1529 omnibus
1682 1466 1958 1546 febribus
1997 1467 2262 1547 eadem,
2306 1465 2589 1549 ejusdem
2622 1487 2800 1532 acre-

221 1557 394 1623 dinis
421 1554 486 1620 &
512 1545 991 1638 consistentizp3
1036 1544 1100 1611 ὅ(
1127 1543 1274 1626 vasa
1302 1589 1325 1625 ,
1372 1544 1609 1610 eodem
1655 1547 1859 1611 modo
1902 1543 2198 1692 dispolita
2241 1552 2305 1614 in
2349 1547 2587 1615 eisdem
2625 1552 2803 1632 glan-

220 1640 384 1705 dulis
409 1682 433 1715 ,
489 1631 720 1718 procul
761 1626 965 1692 dubio
1010 1622 1264 1708 semper
1308 1626 1543 1691 eodem
1590 1641 1891 1711 tempore
1944 1643 2002 1692 ta
2036 1646 2139 1694 em
2185 1635 2577 1713 operationem
2624 1649 2799 1695 com-

217 1721 521 1807 plerent3
567 1711 975 1798 proindeque
1006 1709 1065 1770 in
1111 1705 1410 1771 omnibus
1434 1709 1718 1789 febribus
1749 1726 2045 1792 tempora
2088 1714 2562 1776 intermittentioe
2604 1712 2813 1777 essent

222 1799 491 1884 aequalia
537 1796 709 1861 inter
751 1789 840 1856 se.
925 1789 1133 1883 Porro
1166 1805 1315 1853 cum
1345 1790 1721 1871 videamus,
1766 1792 2118 1885 inaequales
2145 1793 2340 1858 valde
2383 1796 2556 1858 inter
2587 1793 2650 1858 se
2681 1794 2811 1859 ess‘e

224 1881 603 1949 durationes
628 1873 1189 1955 intercapedinum
1210 1872 1831 1955 paroxysmorum3ut
1859 1875 2164 1941 nimirum
2200 1874 2238 1940 a
2265 1876 2587 1968 principio
2622 1878 2810 1940 unius

220 1961 593 2031 adinitium
654 1954 917 2022 alterius
970 1948 1411 2035 subsequentis
1467 1953 1878 2019 intercedant
1919 1954 2102 2020 horae
2158 1957 2388 2041 viginti
2430 1975 2705 2041 quatuor
2748 1958 2814 2022 in

221 2044 631 2132 quotidianis,
677 2039 738 2103 ὅτ,
767 2036 943 2100 horae
969 2033 1386 2118 quadraginta
1416 2033 1572 2098 octo
1618 2034 1684 2098 in
1732 2039 2060 2116 tertianis,
2100 2052 2294 2120 atque
2339 2039 2517 2102 horae
2558 2036 2811 2124 septua-

194 2124 580 2213 giutanduae
610 2122 674 2185 in
706 2118 1025 2204 quartanis
1110 2111 1451 2180 fatendum
1482 2116 1753 2180 omnino
1798 2114 1889 2182 est
1916 2162 1940 2196 ,
1983 2120 2115 2181 vim
2139 2119 2490 2199 fermenti,
2534 2120 2596 2183 ἃ
2625 2130 2809 2183 mate-

231 2211 341 2273 riae
381 2205 779 2289 vileiditatem
838 2198 902 2263 in
960 2160 1135 2260 hil²ce
1180 2192 1590 2289 diveriificari
1657 2195 1886 2261 eadem
1945 2200 2377 2281 proportione
2436 2215 2810 2284 temporum

228 2286 671 2370 inaequalium,
715 2280 948 2365 quibus
977 2280 1339 2361 operationes
1368 2278 1479 2342 ille
1503 2278 1760 2361 febriles
1790 2280 2225 2363 complentur.
2314 2279 2401 2347 Et
2431 2281 2688 2366 quidem
2723 2298 2812 2346 ex

226 2368 477 2452 vulgari
503 2365 816 2460 opinione
847 2360 992 2425 talis
1018 2357 1389 2423 differentia
1416 2359 1483 2423 in
1513 2375 1791 2442 quatuor
1817 2360 2156 2426 humoribus
2187 2362 2466 2427 alteratis
2479 2364 2816 2445 &sermen-

226 2455 380 2518 tatis
407 2463 706 2533 pomtur:
739 2459 815 2509 ut
845 2439 1365 2533 nimirumlonga
1394 2441 1819 2525 intercapedo
1850 2441 2022 2507 inter
2047 2444 2553 2511 antecedentem
2584 2445 2645 2509 dt
2670 2442 2812 2508 sub-

229 2529 295 2598 se
343 2522 1034 2611 uentemparoxysmum
1056 2541 1117 2586 m
1137 2534 1439 2605 quartana
1455 2522 1829 2606 dependeat
1841 2525 1923 2588 ab
1940 2524 2170 2590 inertia
2183 2525 2530 2608 &torpore
2551 2527 2814 2591 humoris

231 2552 628 2679 nuqancbolici
646 2655 670 2689 ,
671 2609 775 2691 fri
818 2606 947 2684 idi,
965 2618 1159 2685 atque
1175 2606 1391 2683 terrei3
1410 2605 1449 2667 ὲ
1478 2618 1708 2668 contra
1736 2605 2000 2671 brevius
2025 2604 2437 2672 interstitium
2467 2608 2533 2672 in
2549 2611 2822 2672 tertiana

228 2694 516 2780 pendeat
559 2690 597 2755 a
638 2691 784 2753 mobz’
810 2688 922 2751 iori
968 2684 1260 2770 qualitate
1288 2682 1473 2767 flavoe
1513 2684 1652 2749 bilis
1698 2685 1902 2751 calida
1946 2685 2008 2752 &
2048 2690 2281 2774 igneae3
2328 2689 2390 2754 dt
2436 2690 2638 2769 maior
2684 2686 2819 2754 fre·

228 2775 498 2861 quentia
530 2767 1019 2868 paroxffmorum
1060 2766 1127 2830 in
1163 2768 1533 2851 quotidianis
1574 2765 1611 2829 a
1654 2767 2042 2833 nobiliffima
2078 2769 2201 2851 jan
2246 2773 2413 2834 uinis
2456 2783 2683 2834 natura
2725 2772 2820 2835 αἵ·

231 2878 342 2923 rea
372 2855 435 2920 dt
475 2854 771 2917 vividiori
815 2848 1236 2934 producatur.
1324 2847 1453 2912 Sed
1497 2865 1645 2930 quia
1702 2862 1842 2913 tota
1893 2849 2034 2914 haec
2079 2852 2165 2915 do
2235 2851 2371 2916 rina
2418 2853 2500 2917 de
2545 2866 2827 2935 quatuor

229 2938 578 3005 humoribus
607 2979 630 3015 ,
676 2947 1035 3014 eorumque
1069 2931 1538 3011 proprietatibus
1568 2928 1628 2994 ὅ(
1661 2932 2093 3021 operationibus
2141 2934 2378 2998 merito
2409 2934 2734 3018 antiquata
2764 2933 2831 2998 δι

230 3017 479 3102 rejecta
509 3012 640 3096 est,
689 3032 834 3078 cum
866 3011 1105 3077 nedum
1134 3009 1327 3075 nullis
1357 3008 1553 3076 firmis
1586 3011 1946 3078 rationibus
1977 3011 2321 3096 fulciatur,
2364 3012 2476 3081 sed
2511 3029 2833 3099 praeterea

276 3099 627 3165 bano-menis
652 3097 922 3179 febrium
949 3092 1133 3158 nullo
1179 3092 1383 3185 modo
1431 3088 1810 3158 satisfacere
1857 3112 2091 3177 queat,
2137 3096 2292 3162 ideo
2322 3097 2445 3162 alia
2484 3093 2833 3181 hypothess

288 3199 375 3246 oc
452 3179 750 3245 roblema
779 3170 1105 3239 resolvere
1138 3172 1550 3238 tentabimus,

328 3264 383 3328 A
430 3274 625 3326 verto
671 3258 867 3341 igitur
895 3302 919 3336 ,
964 3254 1138 3338 quod
1170 3301 1190 3334 ,
1255 3254 1414 3320 licet
1456 3254 1749 3337 plurimis
1792 3256 2003 3322 modis
2047 3254 2313 3343 salvari·
2376 3258 2522 3324 offit
2563 3259 2836 3350 inaequa-

240 3345 394 3411 litas
437 3339 1037 3434 intercapedinum.
1081 3355 1232 3400 arox
1260 3356 1272 3382 ν
1302 3354 1529 3400 morum
1557 3383 1579 3415 ,
1622 3337 1735 3402 ille
1782 3352 2001 3402 tamen
2051 3337 2164 3403 seli
2215 3357 2297 3402 en
2349 3358 2421 3402 us
2453 3339 2611 3403 mihi
2657 3340 2838 3402 vide-

242 3444 392 3503 tur,
437 3424 544 3506 qui
574 3438 816 3486 nedum
860 3436 1039 3484 omni
1091 3435 1163 3481 us
1211 3436 1252 3500 p
1304 3419 1658 3482 aenomenis
1705 3413 2097 3497 satisfaciat,
2168 3419 2252 3485 ed
2297 3421 2490 3486 etiam
2525 3422 2708 3491 omni
2752 3438 2839 3485 ex

235 3524 432 3593 parte
477 3516 835 3588 congruat,
879 3498 1094 3565 facilis
1124 3516 1386 3583 quoque
1415 3499 1478 3565 ἃ
1505 3496 1988 3582 fimplieiffimus
2018 3497 2115 3565 fit.

332 3587 393 3651 ls
424 3603 664 3671 portu,
711 3583 777 3648 ni
820 3580 1056 3660 fallor,
1103 3579 1246 3646 talis
1277 3581 1421 3645 erit.
1509 3578 1814 3645 Diximus
1844 3629 1864 3657 ,
1907 3582 2087 3664 quod
2115 3628 2141 3658 ,
2198 3579 2309 3648 nifi
2357 3581 2589 3667 orificia
2635 3606 2851 3650 nervo-

240 3689 393 3737 rum
424 3665 834 3733 obstruantur
861 3677 1227 3748 pungantur
1272 3681 1354 3726 ue
1382 3707 1404 3740 ,
1486 3662 1836 3744 arax->smus
1876 3666 2250 3729 exacerbari
2300 3684 2433 3732 non
2477 3667 2717 3749 potest.
2794 3666 2849 3731 1-

243 3754 431 3831 gitur
475 3748 518 3813 fi
562 3743 839 3811 secunda
882 3742 1193 3827 obstructio
1343 3742 1642 3832 velit-atio
1691 3743 1878 3808 fieret
1925 3764 2059 3809 non
2107 3748 2284 3830 prius
2317 3793 2339 3827 ,
2385 3766 2572 3840 quam
2607 3747 2857 3811 exactis

244 3833 442 3899 horis
486 3848 587 3910 24.
642 3828 755 3891 vel
800 3843 907 3913 41.
954 3841 1066 3889 aut
1106 3844 1208 3906 72.
1263 3823 1441 3913 horis
1475 3871 1495 3904 ,
1545 3825 1818 3889 deberet
1862 3839 1963 3889 tot
2012 3826 2187 3892 horis
2233 3825 2496 3909 praecise
2540 3826 2855 3891 retardari

244 3915 519 3982 exconde
546 3912 763 4058 ‘centia
770 3909 1026 3991 secundi
1057 3907 1424 3990 paroxysmi.
1515 3906 1687 4001 Quia
1725 3910 2144 4073 effosam&
2202 3907 2562 3991 obstruentes
2605 3909 2666 3973 ὅ(
2708 3909 2855 3971 irri-

539 4011 644 4057 ars
760 4036 795 4063 .Ᾰ
1866 4007 1906 4050 n
2714 4001 2853 4057 tan·
