3419 4538
564 205 649 315 30
930 232 1087 301 cm».
1141 225 1318 299 xm.
1381 229 1949 303 LEMMATA
1997 233 2198 303 pao
2238 219 2792 308 Muscutrs

573 380 991 449 restitutione
1029 381 1495 467 propositionis
1541 382 1979 450 Hmuucomr
2009 375 2443 460 ostendimus,
2488 378 2779 447 abstfluta
2806 383 3120 468 porentia
3152 385 3199 451 8

580 467 665 531 ad
712 461 1123 530 refistentiam
1173 464 1275 545 1⁸,
1321 465 1385 531 in
1429 466 1630 550 plano
1661 466 1974 531 inclinato
2018 464 2106 530 IC
2147 463 2606 542 constitutam,
2650 464 2765 527 seu
2797 465 2930 529 adi
2985 462 3201 531 fius‘r

581 544 1162 612 momentumDK
1204 545 1335 626 est,
1378 561 1451 610 ut
1497 545 1623 613 OC
1659 548 1744 612 ad
1787 546 1910 612 CN
1955 546 2331 631 parallelam
2414 544 2835 627 &aequalem
2872 546 2938 629 ip
2967 565 2990 609 1
3038 544 3201 613 HK.-

586 626 812 721 Quare
904 627 1150 692 otentia
1197 625 1486 692 absoluta
1529 626 1575 692 S
1605 625 2006 721 mensuratur
2038 627 2118 692 ab
2151 624 2281 712 ipsa
2324 593 2453 692 (30
2477 672 2502 706 ,
2561 625 2622 690 δι
2664 630 2984 710 potentia.
3014 627 3079 693 R
3120 627 3208 692 ab

587 705 728 791 :ipsa
773 706 828 772 C
909 754 948 787 ‚a
977 723 1173 791 atque
1199 709 1463 792 pondus
1494 708 1560 773 T
1604 708 1686 774 ab
1731 728 1750 772 1
1799 704 1861 773 sa
1905 708 2051 774 CD.
3179 779 3193 790 ‚

583 849 586 852 ,
677 786 906 853 Βυξὶίς
952 788 1191 854 deinde
1237 788 1385 856 DM
1429 788 1563 876 fig.
1620 808 1714 874 13.
1837 790 1965 856 AB.
2020 787 2160 855 VII.
2207 787 2511 874 parallela
2558 787 2703 868 BC,
2768 788 2832 854 δε
2874 786 3003 854 DP
3046 807 3203 874 per-

589 869 995 954 pendiculari
1040 869 1122 935 ad
1164 867 1279 935 BC
1307 918 1328 948 ‚
1387 886 1570 954 patet
1618 871 1877 953 prime,
1920 871 2096 956 quod
2139 871 2201 934 in
2251 872 2371 934 hac
2414 870 2731 951 methodo
2760 915 2783 949 ‚
2854 866 3205 963 supposito

592 950 839 1035 punfto
879 950 932 1014 B
973 948 1144 1031 fixo,
1188 952 1486 1036 potentia
1531 952 1572 1016 S
1620 951 2018 1017 mensuratur
2063 951 2099 1016 a
2145 949 2291 1030 PC,
2335 968 2468 1017 non
2499 967 2662 1016 vero
2695 951 2733 1016 a
2760 950 3000 1033 majori
3034 950 3203 1035 003

588 1031 1680 1180 3222?ffi3ffl2t²³ss¹uz⁶⁶5353333
1709 1034 1787 1180 ἒξ,
1810 1030 3053 1179 ’ῗῖῗὲᾞῖἓὲἓξῗὲἒξι,Νὲἓώἒηοὲτέἒξὲῗηέ
3078 1033 3225 1198 {3¹32

596 1194 805 1258 tentia
847 1194 889 1259 S
922 1161 1082 1259 'men
1116 1194 1418 1259 orabatur
1446 1194 1526 1259 ab
1571 1194 1707 1261 OC
1738 1242 1757 1272 ‚
1804 1196 1865 1260 δε
1911 1194 2210 1278 potentia
2259 1194 2314 1258 R
2359 1193 2440 1258 ab
2483 1193 2625 1258 MC
2670 1191 3202 1277 mensurabatur,

593 1289 902 1341 manente
936 1274 997 1339 in
1034 1292 1304 1360 utraque
1337 1273 1653 1340 methodo
1684 1271 1946 1359 semper
1989 1274 2129 1340 DC
2158 1273 2451 1340 mensura
2481 1274 2788 1358 ponderis
2835 1274 2926 1340 T.

585 1389 590 1395 ·
681 1355 766 1420 Et
799 1356 941 1419 haec
972 1357 1231 1461 quidem
1264 1355 1691 1440 contingunt,
1740 1354 2104 1441 supposim,
2154 1356 2332 1440 quod
2362 1355 2678 1441 sigillatim
2712 1355 3200 1422 terminiA&B

592 1435 849 1502 funium
901 1436 1016 1502 At,
1062 1439 1167 1502 vel
1215 1435 1327 1502 BC
1368 1434 1478 1500 fixi
1526 1435 1679 1517 sint,
1727 1439 1789 1503 &
1819 1436 2012 1502 funes
2047 1437 2167 1503 sint
2198 1438 2418 1502 vestes
2447 1482 2473 1517 ,
2524 1438 2632 1500 vel
2682 1436 2884 1521 virgae
2919 1456 3205 1505 conver·

594 1516 816 1582 tibiles
841 1517 1015 1582 circa
1044 1518 1277 1584 clavos
1293 1518 1398 1595 ·A,
1442 1517 1504 1584 &
1546 1519 1773 1601 postea
1818 1518 1889 1585 B.

682 1599 1133 1683 Supponamus
1180 1599 1382 1664 modo
1413 1645 1461 1691 ,·
1493 1601 1668 1682 quod
1701 1601 1877 1665 idem
1903 1600 2160 1683 pondus
2201 1597 2270 1663 T
2315 1596 2451 1683 ng.
2501 1612 2599 1677 14.
2646 1593 2851 1660 TAB.
2906 1595 3064 1662 VII.
3111 1593 3216 1662 su·

459 1663 460 1666 ¹
592 1677 908 1746 stineatur
951 1681 990 1745 ὲ
1034 1680 1297 1745 duobus
1320 1677 1636 1745 funiculis
1680 1681 1798 1746 AC
1841 1681 1904 1746 ὅ(
1946 1680 2094 1759 BC,
2155 1681 2259 1763 qui
2295 1676 2478 1743 simul
2511 1691 2808 1761 tempore
2854 1676 3042 1742 affixi
3086 1677 3213 1743 sint

593 1760 795 1825 clavis
846 1759 907 1825 in
954 1761 1194 1826 centris
1238 1762 1295 1827 A
1340 1761 1402 1827 ὅ(
1447 1760 1519 1829 Β.
1607 1761 1767 1827 Hoc
1805 1759 2109 1845 profesto
2155 1759 2434 1842 perinde
2485 1756 2576 1822 est
2612 1805 2633 1839 ,
2695 1776 2777 1823 ae
2824 1755 2869 1822 fi
2942 1760 3214 1841 pondus

598 1839 667 1906 T
710 1838 1056 1905 fulciretur
1103 1841 1139 1906 a
1171 1843 1426 1906 duobus
1472 1841 1679 1925 planis
1728 1842 2047 1906 juclin-:tis
2106 1840 2224 1906 CK
2255 1842 2315 1906 ὃ(
2361 1839 2484 1905 CG
2516 1887 2536 1920 ,
2600 1837 3023 1924 tangentibus
3080 1841 3211 1908 cir·-

591 1921 777 1986 culos
810 1922 1000 1987 radiis
1048 1921 1166 1989 AC
1217 1925 1278 1989 ὅ(
1322 1923 1437 1988 BC
1485 1922 1847 2016 descriptos
1893 1943 1914 2004 ;
1986 1922 2049 1986 ἀ
2096 1938 2255 1986 tunc
2334 1923 2547 1986 ondus
2587 1920 2691 2000 T,
2739 1921 2893 1985 dum
2937 1920 3210 1986 moveri

595 2002 918 2068 niteretur
961 2021 1080 2086 per
1124 2005 1279 2069 duas
1309 2003 1513 2068 restas
1558 2004 1893 2069 inchoatas
1939 2002 2059 2068 CK
2101 2005 2162 2069 &
2194 2002 2257 2069 C
2335 2050 2357 2083 ,
2403 2017 2752 2086 cogeretur
2769 2001 3209 2081 moveri,aut

594 2077 806 2149 nisum
850 2102 1164 2150 exercere
1205 2103 1324 2169 per
1368 2084 1774 2168 diagonalem
1821 2084 1994 2165 CO,
2052 2082 2378 2149 secantem
2425 2084 2730 2167 angulum
2779 2081 2975 2147 GCK
3036 2080 3216 2146 bifa-

594 2164 774 2230 riam.
861 2163 1091 2255 Quare
1127 2162 1622 2250 supponendum
1651 2163 1785 2248 est,
1831 2166 2087 2249 pondus
2135 2166 2202 2230 T
2235 2162 2562 2230 sustentari
2609 2164 2646 2229 ἐι
2690 2164 2889 2246 plano
2938 2162 3208 2242 inelina-

600 2258 673 2319 to
720 2244 880 2329 CO,
917 2242 992 2313 su
1043 2265 1117 2313 er.
1156 2248 1335 2332 quod
1365 2246 1498 2311 vim
1527 2240 1652 2312 suae
1742 2247 2032 2313 ravitatis
2056 2247 2117 2313 ὅ(
2146 2244 2631 2332 compressionis
2664 2244 3036 2311 exercebit.
3084 2242 3209 2337 lgi-

585 2341 710 2403 ‘tur
740 2346 826 2397 ex
854 2348 999 2394 mec
1047 2330 1249 2394 anicis
1279 2325 1536 2414 pondus
1567 2325 1721 2394 abso
1750 2345 1930 2394 utum
1974 2329 2041 2394 T
2085 2329 2163 2393 ad
2195 2329 2331 2411 ejus
2357 2342 2760 2393 momentum
2794 2328 2861 2394 in
2898 2328 3100 2411 plano
3115 2342 3208 2390 m·

445 2464 450 2469 .
579 2409 848 2476 clinato
882 2410 1008 2477 CO
1054 2411 1217 2491 erit,
1266 2426 1340 2476 ut
1384 2411 1508 2478 CO
1541 2412 1622 2476 ad
1665 2409 1812 2476 ΟΡ·
1861 2411 1922 2478 &
1953 2413 2070 2496 (a)
2124 2410 2299 2475 idem
2329 2412 2583 2504 pondus
2615 2407 2985 2474 absolutum
3018 2406 3085 2472 T
3123 2402 3205 2469 ad

599 2490 738 2635 aa
768 2459 3204 2656 224anmutilatae&dtat‘zffiffiaffimpffisaffffifttt

608 2650 763 2727 dem
806 2619 1172 2733 rationem,
1218 2672 1410 2737 quarn
1448 2653 1649 2719 habet
1700 2653 1768 2718 D
1872 2654 1953 2718 ad
1996 2651 2155 2719 DX.
2246 2655 2331 2719 At
2360 2655 2509 2737 quia
2542 2653 2638 2718 vis
2667 2698 2688 2732 ‚
2737 2670 2936 2736 quam
3015 2651 3201 2717 atitur

575 2734 870 2815 planum
916 2734 1041 2801 CO
1084 2733 1122 2798 a
1165 2751 1313 2797 com
1363 2735 1637 2798 resfione
1726 2734 1988 2797 onderis
2030 2733 2099 2797 T
2185 2736 2442 2820 aequalis
2473 2733 2565 2798 est
2594 2733 2837 2799 viribus
2872 2753 2977 2799 am
3029 2746 3203 2798 arum

604 2815 1051 2906 potentiarum
1097 2812 1169 2906 R·
1196 2813 1266 2905 &⁸
1298 2752 1381 2893 Sp,
1427 2832 1573 2897 quoe
1603 2862 1622 2893 ‚
1668 2751 2238 2879 Histinendo'tsem
2282 2817 2537 2900 pondus
2593 2817 2657 2879 in
2704 2815 2816 2880 tali
2849 2813 2974 2880 ficu
3004 2863 3025 2896 ,
3114 2812 3201 2889 ¹la'·

574 2892 1426 2985 *n11C0·1nc11nat1v1cem
1469 2891 1791 2978 supplent.
1875 2894 2053 2978 Ergo
2082 2896 2336 2979 pondus
2382 2892 2746 2962 absolutum
2803 2894 2874 2960 T
2920 2898 3001 2961 ad
3048 2831 3202 2959 ‘fuas

585 2988 936 3055 „potentias
973 2974 1028 3040 R
1071 2974 1135 3040 &
1173 2974 1215 3040 S
1259 2972 1440 3040 fimul
1473 2976 1753 3060 sumptas
1784 2978 2057 3042 eandem
2086 2979 2407 3044 rationem
2442 2978 2676 3059 habet,
2722 2996 2910 3062 quarn
2956 2975 3093 3041 CO·
3125 2972 3209 3038 ad

509 3138 512 3141 ,
613 3052 767 3135 ΟΡ,
813 3050 924 3119 seu
970 3073 1162 3139 quarn
1195 3054 1323 3121 DC
1361 3056 1444 3121 ad
1478 3054 1633 3124 DX.
1723 3055 1882 3135 Hoc
1913 3074 2129 3124 autem
2178 3059 2417 3125 nedum
2460 3058 2552 3124 est
2582 3059 2920 3125 evidenter
2946 3053 3205 3136 falsum,

612 3128 730 3200 sed
775 3136 970 3201 etiam
1017 3151 1246 3207 contra
1275 3136 1553 3229 ‘eosdem
1601 3138 1957 3205 Praeclaros
2006 3140 2363 3221 Αυὲὶοτεε,
2424 3143 2533 3226 qui
2573 3136 2835 3205 censent
2867 3185 2888 3219 ,
2944 3137 3206 3226 pondus

593 3215 688 3295 ‚T
732 3216 811 3282 ad
843 3217 1002 3283 duas
1032 3231 1360 3301 potentias
1406 3219 1462 3285 R
1487 3221 1556 3286 ἃ
1586 3221 1625 3284 S
1659 3221 1789 3286 ess'e
1832 3238 1907 3286 ut
1948 3221 2077 3289 DC
2116 3223 2196 3288 ad
2243 3223 2383 3289 MC
2412 3225 2477 3289 fic
2508 3221 2628 3289 CN
2676 3221 2857 3287 simul
2886 3215 3204 3307 sumptae,

617 3315 761 3380 qum
791 3299 1004 3364 multo
1033 3299 1321 3392 maiores
1340 3294 1519 3381 sunt,
1615 3322 1763 3369 uam
1785 3299 1959 3382 DX,
2005 3319 2078 3369 ut
2105 3301 2303 3369 facile
2333 3304 2592 3369 ostendi
2620 3301 2860 3387 potest.
2988 3336 3001 3347 e

705 3379 772 3446 Si
815 3380 832 3443 i
884 3381 1017 3446 itur
1045 3379 1110 3446 lu
1141 3380 1504 3475 progressus
1535 3321 1742 3449 efflent
1772 3384 2084 3468 legitimi,
2118 3404 2265 3451 cum
2298 3404 2523 3451 omnes
2556 3398 2827 3479 utantur·
2849 3385 3074 3459 eadem
3090 3382 3199 3468 hy-

589 3528 598 3537 ,
676 3460 833 3524 othe
859 3482 924 3539 1,
964 3462 1143 3544 quod
1173 3446 1423 3528 sedicet
1447 3465 1681 3548 puncta
1708 3467 1852 3532 A&
1885 3466 1935 3531 B
1964 3466 2317 3549 sigillatim,
2366 3467 2469 3531 vel
2502 3465 2896 3553 conjunctim
2927 3465 3044 3532 sint
3058 3463 3204 3543 fixa.

587 3612 598 3621 ,
715 3539 1066 3611 funesnon
1097 3538 1280 3607 secus
1311 3560 1389 3609 ac
1418 3546 1635 3611 vec‘ltes
1666 3544 1955 3612 similiter
1980 3546 2185 3613 situati
2218 3548 2279 3613 ἀ
2307 3548 2595 3613 inclinati
2680 3543 3201 3614 sustineantidem

627 3620 890 3714 pondus
933 3619 1040 3701 T,
1086 3621 1437 3716 necess'ario
1482 3626 1759 3693 deberet
1804 3647 1890 3694 ex
1935 3630 2028 3694 eis
2072 3628 2298 3693 eadem
2346 3595 2677 3697 conclusio
2705 3630 2980 3711 deduci,
3028 3622 3196 3712 quod

627 3715 1273 3787 mmlrumpotennae
1317 3705 1372 3771 R
1400 3708 1462 3772 &
1494 3708 1534 3772 S
1579 3708 1897 3775 haberent
1927 3725 2060 3777 tum
2096 3711 2266 3775 inter
2293 3708 2360 3775 se
2388 3758 2407 3792 ‚
2467 3729 2605 3778 tum
2651 3710 2730 3775 ad
2772 3713 3029 3795 pondus
3084 3705 3149 3774 T
3172 3752 3198 3787 ,

627 3800 826 3861 unam
857 3785 1260 3868 eandemque
1285 3790 1786 3870 proportionem
1818 3837 1840 3871 ‚
1884 3808 2020 3857 non
2054 3787 2344 3857 diversas·
2377 3794 2439 3858 &
2497 3793 2840 3886 inaequales
2883 3795 3060 3857 inter*
3088 3788 3199 3868 se;

627 3880 910 3967 cumque
951 3865 1106 3944 hoc,
1126 3883 1260 3934 non
1303 3869 1684 3955 contingat,
1725 3870 2070 3941 fatendum
2098 3869 2230 3955 est,
2278 3874 2479 3942 latere
2502 3875 2575 3942 -in
2602 3869 2778 3941 lusce
2806 3871 3196 4017 proceffibffis

706 4108 828 4201 (a)
863 4107 968 4185 Ex
1002 4110 1203 4201 Prop.
1240 4133 1362 4199 42,
1397 4115 1488 4206 de·
1511 4117 1574 4188 vi
1604 4115 2080 4204 percussionis..
