<?xml version="1.0" encoding="UTF-8"?>
<!DOCTYPE html PUBLIC "-//W3C//DTD XHTML 1.0 Transitional//EN"
    "http://www.w3.org/TR/xhtml1/DTD/xhtml1-transitional.dtd">
<html xmlns="http://www.w3.org/1999/xhtml" xml:lang="en" lang="en">
 <head>
  <title>
</title>
<meta http-equiv="Content-Type" content="text/html;charset=utf-8" />
  <meta name='ocr-system' content='tesseract 3.04.00' />
  <meta name='ocr-capabilities' content='ocr_page ocr_carea ocr_par ocr_line ocrx_word'/>
</head>
<body>
  <div class='ocr_page' id='page_1' title='image "./demotuanimalium00jesugoog_0314.png"; bbox 0 0 3419 4538; ppageno 0'>
   <div class='ocr_carea' id='block_1_1' title="bbox 575 218 2873 323">
    <p class='ocr_par' dir='ltr' id='par_1_1' title="bbox 575 218 2873 323">
     <span class='ocr_line' id='line_1_1' title="bbox 575 218 2873 323; baseline -0.002 -17"><span class='ocrx_word' id='word_1_1' title='bbox 575 238 671 323; x_wconf 83' lang='grc'>46</span> <span class='ocrx_word' id='word_1_2' title='bbox 882 229 1075 302; x_wconf 67' lang='lat' dir='ltr'>Cn.</span> <span class='ocrx_word' id='word_1_3' title='bbox 1119 226 1234 299; x_wconf 89' lang='lat' dir='ltr'>IV.</span> <span class='ocrx_word' id='word_1_4' title='bbox 1280 222 1408 297; x_wconf 87' lang='lat' dir='ltr'>DE</span> <span class='ocrx_word' id='word_1_5' title='bbox 1444 221 1888 297; x_wconf 84' lang='lat' dir='ltr'>INTERNIS</span> <span class='ocrx_word' id='word_1_6' title='bbox 1929 218 2349 297; x_wconf 83' lang='lat' dir='ltr'>MOTIBUS</span> <span class='ocrx_word' id='word_1_7' title='bbox 2393 226 2873 317; x_wconf 82' lang='lat' dir='ltr'>ANiMALIS‚</span> 
     </span>
    </p>
   </div>
   <div class='ocr_carea' id='block_1_2' title="bbox 575 374 3214 1194">
    <p class='ocr_par' dir='ltr' id='par_1_2' title="bbox 575 374 3214 1194">
     <span class='ocr_line' id='line_1_2' title="bbox 580 374 3205 476; baseline 0 -25"><span class='ocrx_word' id='word_1_8' title='bbox 580 387 833 476; x_wconf 66' lang='lat' dir='ltr'>pillau-es</span> <span class='ocrx_word' id='word_1_9' title='bbox 861 386 1106 447; x_wconf 59' lang='lat' dir='ltr'>venun*</span> <span class='ocrx_word' id='word_1_10' title='bbox 1152 379 1373 447; x_wconf 87' lang='lat' dir='ltr'>Primo</span> <span class='ocrx_word' id='word_1_11' title='bbox 1401 378 1553 465; x_wconf 88' lang='lat' dir='ltr'>quia</span> <span class='ocrx_word' id='word_1_12' title='bbox 1580 382 1684 445; x_wconf 77' lang='lat' dir='ltr'>vis</span> <span class='ocrx_word' id='word_1_13' title='bbox 1713 374 2065 463; x_wconf 69' lang='grc' dir='ltr'>ἰηιρυὶβυα,</span> <span class='ocrx_word' id='word_1_14' title='bbox 2110 396 2238 461; x_wconf 85' lang='lat' dir='ltr'>qua</span> <span class='ocrx_word' id='word_1_15' title='bbox 2292 377 2471 463; x_wconf 75' lang='lat' dir='ltr'>yflole</span> <span class='ocrx_word' id='word_1_16' title='bbox 2498 383 2693 447; x_wconf 76' lang='lat' dir='ltr'>cordis</span> <span class='ocrx_word' id='word_1_17' title='bbox 2704 379 2785 464; x_wconf 83' lang='lat' dir='ltr'>sa</span> <span class='ocrx_word' id='word_1_18' title='bbox 2869 383 3078 448; x_wconf 71' lang='lat' dir='ltr'>vinem</span> <span class='ocrx_word' id='word_1_19' title='bbox 3093 382 3205 451; x_wconf 83' lang='lat' dir='ltr'>in·</span> 
     </span>
     <span class='ocr_line' id='line_1_3' title="bbox 591 456 3213 543; baseline -0 -10"><span class='ocrx_word' id='word_1_20' title='bbox 591 485 691 533; x_wconf 88' lang='lat' dir='ltr'>tra</span> <span class='ocrx_word' id='word_1_21' title='bbox 718 468 979 530; x_wconf 75' lang='lat' dir='ltr'><em>arterias</em></span> <span class='ocrx_word' id='word_1_22' title='bbox 1009 462 1341 542; x_wconf 88' lang='lat' dir='ltr'>immittit,</span> <span class='ocrx_word' id='word_1_23' title='bbox 1388 458 1827 528; x_wconf 81' lang='lat' dir='ltr'>consentanea</span> <span class='ocrx_word' id='word_1_24' title='bbox 1871 460 1998 542; x_wconf 90' lang='lat' dir='ltr'>est,</span> <span class='ocrx_word' id='word_1_25' title='bbox 2034 477 2105 525; x_wconf 87' lang='lat' dir='ltr'>ut</span> <span class='ocrx_word' id='word_1_26' title='bbox 2139 456 2364 526; x_wconf 81' lang='lat' dir='ltr'>fenim</span> <span class='ocrx_word' id='word_1_27' title='bbox 2395 462 2811 543; x_wconf 78' lang='lat' dir='ltr'>debilitetur,</span> <span class='ocrx_word' id='word_1_28' title='bbox 2923 464 3213 533; x_wconf 84' lang='lat' dir='ltr'>tandem</span> 
     </span>
     <span class='ocr_line' id='line_1_4' title="bbox 586 540 3209 631; baseline -0.002 -16"><span class='ocrx_word' id='word_1_29' title='bbox 586 549 894 631; x_wconf 82' lang='lat' dir='ltr'>langueat</span> <span class='ocrx_word' id='word_1_30' title='bbox 921 542 985 610; x_wconf 89' lang='lat' dir='ltr'>in</span> <span class='ocrx_word' id='word_1_31' title='bbox 1016 542 1320 628; x_wconf 88' lang='lat' dir='ltr'>angustiis</span> <span class='ocrx_word' id='word_1_32' title='bbox 1349 543 1476 609; x_wconf 89' lang='lat' dir='ltr'>illis</span> <span class='ocrx_word' id='word_1_33' title='bbox 1511 557 1959 611; x_wconf 85' lang='lat' dir='ltr'>extremorum</span> <span class='ocrx_word' id='word_1_34' title='bbox 1988 540 2266 627; x_wconf 70' lang='lat' dir='ltr'>vqfhrum</span> <span class='ocrx_word' id='word_1_35' title='bbox 2294 544 2357 609; x_wconf 73' lang='grc' dir='ltr'>δι</span> <span class='ocrx_word' id='word_1_36' title='bbox 2424 540 3209 623; x_wconf 70' lang='lat' dir='ltr'>orqfitatuminternredia-</span> 
     </span>
     <span class='ocr_line' id='line_1_5' title="bbox 589 618 3213 708; baseline -0.001 -12"><span class='ocrx_word' id='word_1_37' title='bbox 589 647 760 697; x_wconf 85' lang='lat' dir='ltr'>rum.</span> <span class='ocrx_word' id='word_1_38' title='bbox 844 626 1187 707; x_wconf 88' lang='lat' dir='ltr'>Secundo,</span> <span class='ocrx_word' id='word_1_39' title='bbox 1231 625 1382 708; x_wconf 89' lang='lat' dir='ltr'>quia</span> <span class='ocrx_word' id='word_1_40' title='bbox 1419 623 1650 708; x_wconf 75' lang='lat' dir='ltr'>crificia</span> <span class='ocrx_word' id='word_1_41' title='bbox 1677 626 2035 689; x_wconf 68' lang='lat' dir='ltr'>vernularum</span> <span class='ocrx_word' id='word_1_42' title='bbox 2064 642 2196 688; x_wconf 92' lang='lat' dir='ltr'>non</span> <span class='ocrx_word' id='word_1_43' title='bbox 2227 642 2318 708; x_wconf 92' lang='lat' dir='ltr'>po</span> <span class='ocrx_word' id='word_1_44' title='bbox 2375 641 2493 689; x_wconf 90' lang='lat' dir='ltr'>unt</span> <span class='ocrx_word' id='word_1_45' title='bbox 2518 618 2772 707; x_wconf 86' lang='lat' dir='ltr'>semper</span> <span class='ocrx_word' id='word_1_46' title='bbox 2816 625 3097 692; x_wconf 84' lang='lat' dir='ltr'>dilatata</span> <span class='ocrx_word' id='word_1_47' title='bbox 3144 628 3213 693; x_wconf 72' lang='lat' dir='ltr'>dt</span> 
     </span>
     <span class='ocr_line' id='line_1_6' title="bbox 592 702 3208 795; baseline -0.002 -19"><span class='ocrx_word' id='word_1_48' title='bbox 592 723 819 795; x_wconf 86' lang='lat' dir='ltr'>aperta</span> <span class='ocrx_word' id='word_1_49' title='bbox 845 721 1231 792; x_wconf 87' lang='lat' dir='ltr'>permanere</span> <span class='ocrx_word' id='word_1_50' title='bbox 1313 723 1465 771; x_wconf 89' lang='lat' dir='ltr'>cum</span> <span class='ocrx_word' id='word_1_51' title='bbox 1495 724 1717 771; x_wconf 83' lang='lat' dir='ltr'>earum</span> <span class='ocrx_word' id='word_1_52' title='bbox 1746 724 1854 770; x_wconf 80' lang='lat' dir='ltr'>con</span> <span class='ocrx_word' id='word_1_53' title='bbox 1884 702 2118 789; x_wconf 72' lang='lat' dir='ltr'>sternia</span> <span class='ocrx_word' id='word_1_54' title='bbox 2146 723 2283 770; x_wconf 90' lang='lat' dir='ltr'>non</span> <span class='ocrx_word' id='word_1_55' title='bbox 2313 703 2391 770; x_wconf 84' lang='lat' dir='ltr'>fit</span> <span class='ocrx_word' id='word_1_56' title='bbox 2418 708 2575 769; x_wconf 81' lang='lat' dir='ltr'>dura</span> <span class='ocrx_word' id='word_1_57' title='bbox 2604 706 2667 771; x_wconf 75' lang='grc' dir='ltr'>ὅτ.</span> <span class='ocrx_word' id='word_1_58' title='bbox 2698 726 2726 769; x_wconf 92' lang='grc' dir='ltr'><strong><em>ο</em></strong></span> <span class='ocrx_word' id='word_1_59' title='bbox 2772 727 2873 787; x_wconf 85' lang='lat' dir='ltr'>ea,</span> <span class='ocrx_word' id='word_1_60' title='bbox 2892 703 3001 771; x_wconf 90' lang='lat' dir='ltr'>sed</span> <span class='ocrx_word' id='word_1_61' title='bbox 3018 728 3208 772; x_wconf 80' lang='lat' dir='ltr'>mem·</span> 
     </span>
     <span class='ocr_line' id='line_1_7' title="bbox 594 752 3212 873; baseline -0.001 -17"><span class='ocrx_word' id='word_1_62' title='bbox 594 789 882 873; x_wconf 61' lang='lat' dir='ltr'>banasa,</span> <span class='ocrx_word' id='word_1_63' title='bbox 925 790 1115 855; x_wconf 80' lang='lat' dir='ltr'>mollis</span> <span class='ocrx_word' id='word_1_64' title='bbox 1144 788 1206 854; x_wconf 69' lang='grc' dir='ltr'>ὅ(</span> <span class='ocrx_word' id='word_1_65' title='bbox 1235 752 1501 868; x_wconf 72' lang='grc' dir='ltr'><strong><em>ἷιώνίω;</em></strong></span> <span class='ocrx_word' id='word_1_66' title='bbox 1544 787 1606 853; x_wconf 72' lang='lat' dir='ltr'>dt</span> <span class='ocrx_word' id='word_1_67' title='bbox 1638 784 1789 853; x_wconf 88' lang='lat' dir='ltr'>ideo</span> <span class='ocrx_word' id='word_1_68' title='bbox 1891 786 2019 851; x_wconf 88' lang='lat' dir='ltr'>cile</span> <span class='ocrx_word' id='word_1_69' title='bbox 2063 785 2483 852; x_wconf 87' lang='lat' dir='ltr'>connivendo</span> <span class='ocrx_word' id='word_1_70' title='bbox 2533 787 2678 852; x_wconf 86' lang='lat' dir='ltr'>clau</span> <span class='ocrx_word' id='word_1_71' title='bbox 2761 803 2947 869; x_wconf 87' lang='lat' dir='ltr'>ntur,</span> <span class='ocrx_word' id='word_1_72' title='bbox 2992 787 3066 853; x_wconf 70' lang='grc' dir='ltr'>ἀ</span> <span class='ocrx_word' id='word_1_73' title='bbox 3112 788 3212 855; x_wconf 89' lang='lat' dir='ltr'>in·</span> 
     </span>
     <span class='ocr_line' id='line_1_8' title="bbox 591 863 3214 958; baseline -0.002 -20"><span class='ocrx_word' id='word_1_74' title='bbox 591 864 870 958; x_wconf 78' lang='lat' dir='ltr'>gress‘um</span> <span class='ocrx_word' id='word_1_75' title='bbox 903 870 1057 937; x_wconf 87' lang='lat' dir='ltr'>novi</span> <span class='ocrx_word' id='word_1_76' title='bbox 1072 869 1405 956; x_wconf 72' lang='lat' dir='ltr'>sang-uinis</span> <span class='ocrx_word' id='word_1_77' title='bbox 1453 867 1771 952; x_wconf 88' lang='lat' dir='ltr'>impedire</span> <span class='ocrx_word' id='word_1_78' title='bbox 1797 866 2057 953; x_wconf 87' lang='lat' dir='ltr'>poffint.</span> <span class='ocrx_word' id='word_1_79' title='bbox 2139 863 2381 933; x_wconf 85' lang='lat' dir='ltr'>Tertio</span> <span class='ocrx_word' id='word_1_80' title='bbox 2410 884 2629 952; x_wconf 84' lang='lat' dir='ltr'>neque</span> <span class='ocrx_word' id='word_1_81' title='bbox 2657 867 2738 932; x_wconf 88' lang='lat' dir='ltr'>ad</span> <span class='ocrx_word' id='word_1_82' title='bbox 2782 886 2932 934; x_wconf 89' lang='lat' dir='ltr'>com</span> <span class='ocrx_word' id='word_1_83' title='bbox 2982 868 3214 935; x_wconf 86' lang='lat' dir='ltr'>resfio-</span> 
     </span>
     <span class='ocr_line' id='line_1_9' title="bbox 596 946 3213 1037; baseline -0.001 -17"><span class='ocrx_word' id='word_1_84' title='bbox 596 972 755 1021; x_wconf 82' lang='lat' dir='ltr'>nem</span> <span class='ocrx_word' id='word_1_85' title='bbox 784 951 1079 1037; x_wconf 70' lang='lat' dir='ltr'>viscerum</span> <span class='ocrx_word' id='word_1_86' title='bbox 1109 949 1171 1016; x_wconf 89' lang='lat'>&amp;</span> <span class='ocrx_word' id='word_1_87' title='bbox 1197 952 1472 1014; x_wconf 79' lang='lat' dir='ltr'>carnium</span> <span class='ocrx_word' id='word_1_88' title='bbox 1497 965 1838 1014; x_wconf 81' lang='lat' dir='ltr'>recurrere</span> <span class='ocrx_word' id='word_1_89' title='bbox 1885 946 2258 1032; x_wconf 84' lang='lat' dir='ltr'>poffumus,</span> <span class='ocrx_word' id='word_1_90' title='bbox 2304 947 2341 1013; x_wconf 73' lang='lat' dir='ltr'>a</span> <span class='ocrx_word' id='word_1_91' title='bbox 2385 966 2510 1033; x_wconf 84' lang='lat' dir='ltr'>qua</span> <span class='ocrx_word' id='word_1_92' title='bbox 2553 965 2673 1032; x_wconf 83' lang='lat' dir='ltr'>per</span> <span class='ocrx_word' id='word_1_93' title='bbox 2718 966 2921 1033; x_wconf 76' lang='lat' dir='ltr'>expre</span> <span class='ocrx_word' id='word_1_94' title='bbox 2975 968 3213 1018; x_wconf 81' lang='lat' dir='ltr'>ionem</span> 
     </span>
     <span class='ocr_line' id='line_1_10' title="bbox 575 1022 3211 1133; baseline -0.001 -34"><span class='ocrx_word' id='word_1_95' title='bbox 575 1033 849 1133; x_wconf 78' lang='lat' dir='ltr'>sanguis</span> <span class='ocrx_word' id='word_1_96' title='bbox 879 1032 1126 1098; x_wconf 90' lang='lat' dir='ltr'>ibidem</span> <span class='ocrx_word' id='word_1_97' title='bbox 1155 1032 1494 1097; x_wconf 80' lang='lat' dir='ltr'>innuetur=</span> <span class='ocrx_word' id='word_1_98' title='bbox 1539 1046 1688 1095; x_wconf 86' lang='lat' dir='ltr'>nam</span> <span class='ocrx_word' id='word_1_99' title='bbox 1726 1028 2062 1111; x_wconf 86' lang='lat' dir='ltr'>videmus,</span> <span class='ocrx_word' id='word_1_100' title='bbox 2103 1028 2278 1112; x_wconf 88' lang='lat' dir='ltr'>quod</span> <span class='ocrx_word' id='word_1_101' title='bbox 2309 1027 2556 1115; x_wconf 63' lang='lat' dir='ltr'>languis</span> <span class='ocrx_word' id='word_1_102' title='bbox 2587 1022 2920 1115; x_wconf 81' lang='lat' dir='ltr'>exsugitm·</span> <span class='ocrx_word' id='word_1_103' title='bbox 2952 1029 2993 1095; x_wconf 72' lang='lat' dir='ltr'>a</span> <span class='ocrx_word' id='word_1_104' title='bbox 3024 1034 3211 1116; x_wconf 80' lang='lat' dir='ltr'>capil-</span> 
     </span>
     <span class='ocr_line' id='line_1_11' title="bbox 601 1099 3212 1194; baseline -0.002 -11"><span class='ocrx_word' id='word_1_105' title='bbox 601 1115 835 1183; x_wconf 64' lang='lat' dir='ltr'>laribus</span> <span class='ocrx_word' id='word_1_106' title='bbox 868 1114 1149 1191; x_wconf 80' lang='lat' dir='ltr'>venulis,</span> <span class='ocrx_word' id='word_1_107' title='bbox 1196 1111 1437 1178; x_wconf 80' lang='lat' dir='ltr'>nedum</span> <span class='ocrx_word' id='word_1_108' title='bbox 1467 1109 1728 1194; x_wconf 86' lang='lat' dir='ltr'>quando</span> <span class='ocrx_word' id='word_1_109' title='bbox 1757 1106 2058 1176; x_wconf 88' lang='lat' dir='ltr'>inflantur</span> <span class='ocrx_word' id='word_1_110' title='bbox 2086 1099 2337 1191; x_wconf 78' lang='lat' dir='ltr'>musculi</span> <span class='ocrx_word' id='word_1_111' title='bbox 2381 1110 2444 1177; x_wconf 72' lang='lat' dir='ltr'>dc</span> <span class='ocrx_word' id='word_1_112' title='bbox 2496 1121 2715 1175; x_wconf 75' lang='lat' dir='ltr'>motum</span> <span class='ocrx_word' id='word_1_113' title='bbox 2758 1122 2993 1193; x_wconf 83' lang='lat' dir='ltr'>compre</span> <span class='ocrx_word' id='word_1_114' title='bbox 3061 1132 3212 1177; x_wconf 76' lang='lat' dir='ltr'>vum</span> 
     </span>
    </p>
   </div>
   <div class='ocr_carea' id='block_1_3' title="bbox 602 1186 3240 1276">
    <p class='ocr_par' dir='ltr' id='par_1_3' title="bbox 602 1186 3240 1276">
     <span class='ocr_line' id='line_1_12' title="bbox 602 1186 3240 1276; baseline -0.001 -14"><span class='ocrx_word' id='word_1_115' title='bbox 602 1212 918 1262; x_wconf 84' lang='lat' dir='ltr'>exercent</span> <span class='ocrx_word' id='word_1_116' title='bbox 938 1241 958 1274; x_wconf 94' lang='lat'>,</span> <span class='ocrx_word' id='word_1_117' title='bbox 1005 1189 1116 1258; x_wconf 85' lang='lat' dir='ltr'>sed</span> <span class='ocrx_word' id='word_1_118' title='bbox 1147 1193 1346 1258; x_wconf 89' lang='lat' dir='ltr'>etiam</span> <span class='ocrx_word' id='word_1_119' title='bbox 1376 1191 1633 1276; x_wconf 86' lang='lat' dir='ltr'>quando</span> <span class='ocrx_word' id='word_1_120' title='bbox 1666 1186 2006 1275; x_wconf 87' lang='lat' dir='ltr'>quiescunt</span> <span class='ocrx_word' id='word_1_121' title='bbox 2033 1189 2095 1255; x_wconf 74' lang='grc' dir='ltr'>ὅτ</span> <span class='ocrx_word' id='word_1_122' title='bbox 2123 1190 2395 1256; x_wconf 88' lang='lat' dir='ltr'>omnino</span> <span class='ocrx_word' id='word_1_123' title='bbox 2428 1191 2702 1257; x_wconf 81' lang='lat' dir='ltr'>relaxati</span> <span class='ocrx_word' id='word_1_124' title='bbox 2731 1188 2894 1256; x_wconf 89' lang='lat' dir='ltr'>sunt.</span> <span class='ocrx_word' id='word_1_125' title='bbox 3062 1190 3240 1259; x_wconf 79' lang='lat' dir='ltr'>uare&#39;</span> 
     </span>
    </p>
   </div>
   <div class='ocr_carea' id='block_1_4' title="bbox 529 1266 3215 3920">
    <p class='ocr_par' dir='ltr' id='par_1_4' title="bbox 529 1266 3215 3920">
     <span class='ocr_line' id='line_1_13' title="bbox 601 1266 3198 1358; baseline -0.001 -16"><span class='ocrx_word' id='word_1_126' title='bbox 601 1292 765 1343; x_wconf 90' lang='lat' dir='ltr'>tune</span> <span class='ocrx_word' id='word_1_127' title='bbox 798 1274 1113 1358; x_wconf 85' lang='lat' dir='ltr'>temporis</span> <span class='ocrx_word' id='word_1_128' title='bbox 1141 1291 1276 1337; x_wconf 88' lang='lat' dir='ltr'>non</span> <span class='ocrx_word' id='word_1_129' title='bbox 1306 1269 1345 1336; x_wconf 74' lang='lat' dir='ltr'>a</span> <span class='ocrx_word' id='word_1_130' title='bbox 1371 1271 1766 1355; x_wconf 81' lang='lat' dir='ltr'>musculorum</span> <span class='ocrx_word' id='word_1_131' title='bbox 1792 1266 2224 1355; x_wconf 79' lang='lat' dir='ltr'>comprefflone,</span> <span class='ocrx_word' id='word_1_132' title='bbox 2267 1271 2339 1337; x_wconf 88' lang='lat' dir='ltr'>iu</span> <span class='ocrx_word' id='word_1_133' title='bbox 2368 1268 2621 1337; x_wconf 86' lang='lat' dir='ltr'>Natura</span> <span class='ocrx_word' id='word_1_134' title='bbox 2661 1290 2792 1339; x_wconf 91' lang='lat' dir='ltr'>non</span> <span class='ocrx_word' id='word_1_135' title='bbox 2836 1271 3198 1356; x_wconf 81' lang='lat' dir='ltr'>existente,</span> 
     </span>
     <span class='ocr_line' id='line_1_14' title="bbox 812 1354 1290 1420; baseline -0.006 0"><span class='ocrx_word' id='word_1_136' title='bbox 812 1360 857 1420; x_wconf 84' lang='lat' dir='ltr'>&#39;s</span> <span class='ocrx_word' id='word_1_137' title='bbox 886 1375 924 1420; x_wconf 89' lang='lat' dir='ltr'>e</span> <span class='ocrx_word' id='word_1_138' title='bbox 1019 1354 1290 1420; x_wconf 87' lang='lat' dir='ltr'>rimitur.</span> 
     </span>
     <span class='ocr_line' id='line_1_15' title="bbox 597 1358 3205 1578; baseline -0.002 -73"><span class='ocrx_word' id='word_1_139' title='bbox 597 1358 1014 1521; x_wconf 55' lang='lat' dir='ltr'>[mffiuipsuxnti³</span> <span class='ocrx_word' id='word_1_140' title='bbox 1039 1432 1504 1514; x_wconf 86' lang='lat' dir='ltr'>confirmatur,</span> <span class='ocrx_word' id='word_1_141' title='bbox 1547 1431 1698 1578; x_wconf 49' lang='lat' dir='ltr'>&lt;ntia</span> <span class='ocrx_word' id='word_1_142' title='bbox 1730 1433 1794 1499; x_wconf 93' lang='lat' dir='ltr'>in</span> <span class='ocrx_word' id='word_1_143' title='bbox 1824 1435 2092 1529; x_wconf 70' lang='lat' dir='ltr'>cerebro,</span> <span class='ocrx_word' id='word_1_144' title='bbox 2140 1435 2206 1499; x_wconf 86' lang='lat' dir='ltr'>in</span> <span class='ocrx_word' id='word_1_145' title='bbox 2224 1428 2574 1518; x_wconf 78' lang='lat' dir='ltr'>substantia</span> <span class='ocrx_word' id='word_1_146' title='bbox 2615 1433 2931 1508; x_wconf 69' lang='lat' dir='ltr'>medullari</span> <span class='ocrx_word' id='word_1_147' title='bbox 2979 1433 3205 1520; x_wconf 83' lang='lat' dir='ltr'>offium,</span> 
     </span>
     <span class='ocr_line' id='line_1_16' title="bbox 609 1509 3206 1660; baseline -0.001 -75"><span class='ocrx_word' id='word_1_148' title='bbox 609 1522 820 1589; x_wconf 80' lang='lat' dir='ltr'>immo</span> <span class='ocrx_word' id='word_1_149' title='bbox 850 1518 1019 1583; x_wconf 85' lang='lat' dir='ltr'>intra</span> <span class='ocrx_word' id='word_1_150' title='bbox 1047 1513 1244 1601; x_wconf 85' lang='lat' dir='ltr'>ipsam</span> <span class='ocrx_word' id='word_1_151' title='bbox 1275 1509 1468 1660; x_wconf 57' lang='lat' dir='ltr'>ffum</span> <span class='ocrx_word' id='word_1_152' title='bbox 1496 1512 1567 1579; x_wconf 86' lang='lat' dir='ltr'>su</span> <span class='ocrx_word' id='word_1_153' title='bbox 1620 1510 1910 1580; x_wconf 86' lang='lat' dir='ltr'>stantiam</span> <span class='ocrx_word' id='word_1_154' title='bbox 1941 1514 2325 1587; x_wconf 71' lang='lat' dir='ltr'>durissimam</span> <span class='ocrx_word' id='word_1_155' title='bbox 2345 1561 2364 1593; x_wconf 92' lang='lat'>,</span> <span class='ocrx_word' id='word_1_156' title='bbox 2408 1513 2656 1579; x_wconf 68' lang='lat' dir='ltr'>&amp;ideo</span> <span class='ocrx_word' id='word_1_157' title='bbox 2685 1532 2816 1579; x_wconf 91' lang='lat' dir='ltr'>non</span> <span class='ocrx_word' id='word_1_158' title='bbox 2835 1518 3206 1600; x_wconf 77' lang='lat' dir='ltr'>&#39;compressi-</span> 
     </span>
     <span class='ocr_line' id='line_1_17' title="bbox 614 1595 3213 1683; baseline -0.001 -16"><span class='ocrx_word' id='word_1_159' title='bbox 614 1600 822 1669; x_wconf 84' lang='lat' dir='ltr'>bilem</span> <span class='ocrx_word' id='word_1_160' title='bbox 851 1645 873 1679; x_wconf 92' lang='lat'>,</span> <span class='ocrx_word' id='word_1_161' title='bbox 931 1617 1096 1663; x_wconf 83' lang='lat' dir='ltr'>venae</span> <span class='ocrx_word' id='word_1_162' title='bbox 1142 1598 1277 1679; x_wconf 67' lang='lat' dir='ltr'>capi</span> <span class='ocrx_word' id='word_1_163' title='bbox 1360 1615 1455 1659; x_wconf 80' lang='lat' dir='ltr'>res</span> <span class='ocrx_word' id='word_1_164' title='bbox 1512 1595 1770 1660; x_wconf 82' lang='lat' dir='ltr'>ibidem·</span> <span class='ocrx_word' id='word_1_165' title='bbox 1801 1595 2150 1660; x_wconf 85' lang='lat' dir='ltr'>existentes</span> <span class='ocrx_word' id='word_1_166' title='bbox 2173 1595 2540 1680; x_wconf 81' lang='lat' dir='ltr'>sanguinem</span> <span class='ocrx_word' id='word_1_167' title='bbox 2600 1595 2959 1677; x_wconf 81' lang='lat' dir='ltr'>excipiunt.</span> <span class='ocrx_word' id='word_1_168' title='bbox 3018 1597 3213 1683; x_wconf 72' lang='lat' dir='ltr'>&#39;Cum</span> 
     </span>
     <span class='ocr_line' id='line_1_18' title="bbox 609 1668 3207 1768; baseline 0 -24"><span class='ocrx_word' id='word_1_169' title='bbox 609 1698 822 1768; x_wconf 86' lang='lat' dir='ltr'>porro</span> <span class='ocrx_word' id='word_1_170' title='bbox 850 1676 1123 1744; x_wconf 64' lang='lat' dir='ltr'>effectus</span> <span class='ocrx_word' id='word_1_171' title='bbox 1151 1677 1373 1760; x_wconf 80' lang='lat' dir='ltr'>negari</span> <span class='ocrx_word' id='word_1_172' title='bbox 1401 1693 1540 1741; x_wconf 88' lang='lat' dir='ltr'>non</span> <span class='ocrx_word' id='word_1_173' title='bbox 1616 1676 1797 1758; x_wconf 81' lang='lat' dir='ltr'>offic,</span> <span class='ocrx_word' id='word_1_174' title='bbox 1844 1677 2365 1761; x_wconf 81' lang='lat' dir='ltr'>quandoquidem</span> <span class='ocrx_word' id='word_1_175' title='bbox 2400 1668 2732 1756; x_wconf 75' lang='lat' dir='ltr'>videmuS,</span> <span class='ocrx_word' id='word_1_176' title='bbox 2760 1677 3207 1763; x_wconf 71' lang='lat' dir='ltr'>sanguineum·</span> 
     </span>
     <span class='ocr_line' id='line_1_19' title="bbox 615 1695 3215 1854; baseline -0.001 -25"><span class='ocrx_word' id='word_1_177' title='bbox 615 1755 985 1839; x_wconf 77' lang='lat' dir='ltr'>nivei-sum,</span> <span class='ocrx_word' id='word_1_178' title='bbox 1015 1758 1115 1824; x_wconf 80' lang='lat' dir='ltr'>ab</span> <span class='ocrx_word' id='word_1_179' title='bbox 1144 1759 1397 1823; x_wconf 79' lang='lat' dir='ltr'>arteriis</span> <span class='ocrx_word' id='word_1_180' title='bbox 1413 1695 1695 1823; x_wconf 55' lang='lat' dir='ltr'>effusum</span> <span class='ocrx_word' id='word_1_181' title='bbox 1717 1805 1739 1837; x_wconf 92' lang='lat'>,</span> <span class='ocrx_word' id='word_1_182' title='bbox 1786 1757 2012 1840; x_wconf 82' lang='lat' dir='ltr'>postea</span> <span class='ocrx_word' id='word_1_183' title='bbox 2044 1757 2261 1854; x_wconf 84' lang='lat' dir='ltr'>excipi</span> <span class='ocrx_word' id='word_1_184' title='bbox 2291 1756 2352 1822; x_wconf 66' lang='grc' dir='ltr'><strong>ἃ</strong></span> <span class='ocrx_word' id='word_1_185' title='bbox 2377 1753 2617 1821; x_wconf 83' lang='lat' dir='ltr'>deferri</span> <span class='ocrx_word' id='word_1_186' title='bbox 2647 1774 2766 1841; x_wconf 90' lang='lat' dir='ltr'>per</span> <span class='ocrx_word' id='word_1_187' title='bbox 2781 1760 3215 1826; x_wconf 77' lang='lat' dir='ltr'>venas-iterum</span> 
     </span>
     <span class='ocr_line' id='line_1_20' title="bbox 619 1837 3211 1926; baseline -0.002 -19"><span class='ocrx_word' id='word_1_188' title='bbox 619 1843 707 1908; x_wconf 82' lang='lat' dir='ltr'>ad</span> <span class='ocrx_word' id='word_1_189' title='bbox 738 1860 877 1921; x_wconf 70' lang='grc' dir='ltr'>εοπς</span> <span class='ocrx_word' id='word_1_190' title='bbox 920 1858 964 1904; x_wconf 87' lang='lat' dir='ltr'>n</span> <span class='ocrx_word' id='word_1_191' title='bbox 1052 1858 1136 1904; x_wconf 88' lang='lat' dir='ltr'>ue</span> <span class='ocrx_word' id='word_1_192' title='bbox 1166 1840 1298 1903; x_wconf 89' lang='lat' dir='ltr'>hoc</span> <span class='ocrx_word' id='word_1_193' title='bbox 1331 1839 1657 1924; x_wconf 88' lang='lat' dir='ltr'>contingit</span> <span class='ocrx_word' id='word_1_194' title='bbox 1686 1840 1726 1904; x_wconf 72' lang='lat' dir='ltr'>a</span> <span class='ocrx_word' id='word_1_195' title='bbox 1750 1842 1823 1903; x_wconf 70' lang='lat' dir='ltr'>vi</span> <span class='ocrx_word' id='word_1_196' title='bbox 1853 1837 2277 1921; x_wconf 68' lang='lat' dir='ltr'>attraffloms,</span> <span class='ocrx_word' id='word_1_197' title='bbox 2324 1856 2473 1902; x_wconf 84' lang='lat' dir='ltr'>cum</span> <span class='ocrx_word' id='word_1_198' title='bbox 2496 1837 2952 1905; x_wconf 32' lang='lat' dir='ltr'>atalis‘attio-fit</span> <span class='ocrx_word' id='word_1_199' title='bbox 2994 1837 3211 1926; x_wconf 85' lang='lat' dir='ltr'>impos-</span> 
     </span>
     <span class='ocr_line' id='line_1_21' title="bbox 622 1919 3212 2065; baseline -0.001 -77"><span class='ocrx_word' id='word_1_200' title='bbox 622 1921 864 2003; x_wconf 73' lang='lat' dir='ltr'>sibilis,</span> <span class='ocrx_word' id='word_1_201' title='bbox 907 1935 982 2005; x_wconf 72' lang='lat' dir='ltr'>ut</span> <span class='ocrx_word' id='word_1_202' title='bbox 1062 1920 1142 2003; x_wconf 84' lang='lat' dir='ltr'>a)</span> <span class='ocrx_word' id='word_1_203' title='bbox 1177 1919 1616 2000; x_wconf 76' lang='lat' dir='ltr'>ostendimuS,</span> <span class='ocrx_word' id='word_1_204' title='bbox 1660 1921 1959 2004; x_wconf 85' lang='lat' dir='ltr'>cogimur</span> <span class='ocrx_word' id='word_1_205' title='bbox 2004 1920 2314 2001; x_wconf 71' lang='lat' dir='ltr'>afferere,</span> <span class='ocrx_word' id='word_1_206' title='bbox 2334 1921 2713 2065; x_wconf 32' lang='lat' dir='ltr'>hsanguinem·</span> <span class='ocrx_word' id='word_1_207' title='bbox 2755 1919 2789 1985; x_wconf 73' lang='grc' dir='ltr'>ὲ</span> <span class='ocrx_word' id='word_1_208' title='bbox 2834 1924 3212 2005; x_wconf 74' lang='lat' dir='ltr'>capillarilms</span> 
     </span>
     <span class='ocr_line' id='line_1_22' title="bbox 624 1992 3204 2089; baseline -0.001 -18"><span class='ocrx_word' id='word_1_209' title='bbox 624 2005 807 2071; x_wconf 77' lang='lat' dir='ltr'>venis</span> <span class='ocrx_word' id='word_1_210' title='bbox 840 2001 1059 2085; x_wconf 84' lang='lat' dir='ltr'>excipi</span> <span class='ocrx_word' id='word_1_211' title='bbox 1091 2001 1186 2066; x_wconf 76' lang='lat' dir='ltr'>ob&#39;</span> <span class='ocrx_word' id='word_1_212' title='bbox 1210 2001 1485 2068; x_wconf 86' lang='lat' dir='ltr'>eandem</span> <span class='ocrx_word' id='word_1_213' title='bbox 1515 2001 1881 2068; x_wconf 72' lang='lat' dir='ltr'>cautam&amp;</span> <span class='ocrx_word' id='word_1_214' title='bbox 1909 2003 2139 2067; x_wconf 87' lang='lat' dir='ltr'>eadem</span> <span class='ocrx_word' id='word_1_215' title='bbox 2182 2018 2330 2066; x_wconf 89' lang='lat' dir='ltr'>mec</span> <span class='ocrx_word' id='word_1_216' title='bbox 2379 2019 2567 2066; x_wconf 87' lang='lat' dir='ltr'>amca</span> <span class='ocrx_word' id='word_1_217' title='bbox 2610 1992 2865 2067; x_wconf 73' lang='lat' dir='ltr'>afflone</span> <span class='ocrx_word' id='word_1_218' title='bbox 2899 2051 2922 2085; x_wconf 89' lang='lat'>‚</span> <span class='ocrx_word' id='word_1_219' title='bbox 2985 2023 3103 2089; x_wconf 86' lang='lat' dir='ltr'>qua</span> <span class='ocrx_word' id='word_1_220' title='bbox 3143 2001 3204 2068; x_wconf 80' lang='lat' dir='ltr'>fi-</span> 
     </span>
     <span class='ocr_line' id='line_1_23' title="bbox 625 2081 3207 2171; baseline -0 -21"><span class='ocrx_word' id='word_1_221' title='bbox 625 2083 986 2171; x_wconf 87' lang='lat' dir='ltr'>phunculi,</span> <span class='ocrx_word' id='word_1_222' title='bbox 1009 2081 1579 2169; x_wconf 47' lang='lat' dir='ltr'>{spongiae‚filtra‚</span> <span class='ocrx_word' id='word_1_223' title='bbox 1626 2081 1821 2149; x_wconf 88' lang='lat' dir='ltr'>funes</span> <span class='ocrx_word' id='word_1_224' title='bbox 1852 2083 1916 2149; x_wconf 89' lang='lat'>&amp;</span> <span class='ocrx_word' id='word_1_225' title='bbox 1944 2084 2160 2149; x_wconf 87' lang='lat' dir='ltr'>omnia</span> <span class='ocrx_word' id='word_1_226' title='bbox 2190 2081 2428 2166; x_wconf 78' lang='lat' dir='ltr'>poi-osa</span> <span class='ocrx_word' id='word_1_227' title='bbox 2472 2098 2899 2166; x_wconf 81' lang='lat' dir='ltr'>penetrantur</span> <span class='ocrx_word' id='word_1_228' title='bbox 2941 2085 3022 2151; x_wconf 88' lang='lat' dir='ltr'>ab</span> <span class='ocrx_word' id='word_1_229' title='bbox 3061 2101 3207 2168; x_wconf 79' lang='lat' dir='ltr'>aqua</span> 
     </span>
     <span class='ocr_line' id='line_1_24' title="bbox 529 2160 3205 2250; baseline -0.001 -18"><span class='ocrx_word' id='word_1_230' title='bbox 529 2218 532 2221; x_wconf 87' lang='lat'>.</span> <span class='ocrx_word' id='word_1_231' title='bbox 629 2166 981 2244; x_wconf 71' lang='lat' dir='ltr'>contigua,</span> <span class='ocrx_word' id='word_1_232' title='bbox 1019 2163 1065 2230; x_wconf 61' lang='grc' dir='ltr'>ὲ</span> <span class='ocrx_word' id='word_1_233' title='bbox 1094 2182 1217 2248; x_wconf 83' lang='lat' dir='ltr'>qua</span> <span class='ocrx_word' id='word_1_234' title='bbox 1234 2180 1508 2229; x_wconf 80' lang='lat' dir='ltr'>externe</span> <span class='ocrx_word' id='word_1_235' title='bbox 1538 2163 1895 2228; x_wconf 78' lang='lat' dir='ltr'>made-fiunt</span> <span class='ocrx_word' id='word_1_236' title='bbox 1926 2166 2012 2246; x_wconf 81' lang='lat' dir='ltr'>(b</span> <span class='ocrx_word' id='word_1_237' title='bbox 2038 2165 2104 2237; x_wconf 80' lang='grc'>);</span> <span class='ocrx_word' id='word_1_238' title='bbox 2150 2182 2290 2247; x_wconf 81' lang='lat' dir='ltr'>quae</span> <span class='ocrx_word' id='word_1_239' title='bbox 2320 2164 2443 2227; x_wconf 85' lang='lat' dir='ltr'>alia</span> <span class='ocrx_word' id='word_1_240' title='bbox 2473 2183 2605 2228; x_wconf 88' lang='lat' dir='ltr'>non</span> <span class='ocrx_word' id='word_1_241' title='bbox 2640 2160 2770 2244; x_wconf 90' lang='lat' dir='ltr'>est,</span> <span class='ocrx_word' id='word_1_242' title='bbox 2796 2183 2993 2249; x_wconf 87' lang='lat' dir='ltr'>quam</span> <span class='ocrx_word' id='word_1_243' title='bbox 3013 2165 3205 2250; x_wconf 87' lang='lat' dir='ltr'>ipfius-</span> 
     </span>
     <span class='ocr_line' id='line_1_25' title="bbox 629 2242 3208 2332; baseline -0.001 -18"><span class='ocrx_word' id='word_1_244' title='bbox 629 2261 774 2316; x_wconf 87' lang='lat' dir='ltr'>met</span> <span class='ocrx_word' id='word_1_245' title='bbox 815 2245 994 2312; x_wconf 89' lang='lat' dir='ltr'>fluidi</span> <span class='ocrx_word' id='word_1_246' title='bbox 1025 2245 1346 2330; x_wconf 59' lang='lat' dir='ltr'>gravitas,</span> <span class='ocrx_word' id='word_1_247' title='bbox 1391 2263 1534 2329; x_wconf 85' lang='lat' dir='ltr'>quae</span> <span class='ocrx_word' id='word_1_248' title='bbox 1566 2263 1643 2310; x_wconf 88' lang='lat' dir='ltr'>au</span> <span class='ocrx_word' id='word_1_249' title='bbox 1760 2263 1985 2311; x_wconf 90' lang='lat' dir='ltr'>entum</span> <span class='ocrx_word' id='word_1_250' title='bbox 2013 2242 2272 2329; x_wconf 86' lang='lat' dir='ltr'>suscipit</span> <span class='ocrx_word' id='word_1_251' title='bbox 2303 2244 2383 2309; x_wconf 88' lang='lat' dir='ltr'>ab</span> <span class='ocrx_word' id='word_1_252' title='bbox 2414 2245 2665 2329; x_wconf 85' lang='lat' dir='ltr'>impetu</span> <span class='ocrx_word' id='word_1_253' title='bbox 2693 2262 2914 2312; x_wconf 77' lang='lat' dir='ltr'>motus</span> <span class='ocrx_word' id='word_1_254' title='bbox 2946 2246 3208 2332; x_wconf 78' lang='lat' dir='ltr'>pmprii,</span> 
     </span>
     <span class='ocr_line' id='line_1_26' title="bbox 629 2263 3207 2413; baseline -0.002 -17"><span class='ocrx_word' id='word_1_255' title='bbox 629 2330 700 2396; x_wconf 71' lang='grc' dir='ltr'>ἀ</span> <span class='ocrx_word' id='word_1_256' title='bbox 729 2323 1003 2412; x_wconf 89' lang='lat' dir='ltr'>impulsu</span> <span class='ocrx_word' id='word_1_257' title='bbox 1034 2328 1095 2391; x_wconf 91' lang='lat' dir='ltr'>ei</span> <span class='ocrx_word' id='word_1_258' title='bbox 1125 2329 1614 2392; x_wconf 86' lang='lat' dir='ltr'>communicato</span> <span class='ocrx_word' id='word_1_259' title='bbox 1647 2263 1780 2392; x_wconf 43' lang='lat' dir='ltr'>{nsi</span> <span class='ocrx_word' id='word_1_260' title='bbox 1817 2345 2107 2392; x_wconf 83' lang='lat' dir='ltr'>externa.</span> <span class='ocrx_word' id='word_1_261' title='bbox 2192 2326 2298 2390; x_wconf 89' lang='lat' dir='ltr'>Sic</span> <span class='ocrx_word' id='word_1_262' title='bbox 2324 2330 2425 2394; x_wconf 82' lang='lat' dir='ltr'>vis</span> <span class='ocrx_word' id='word_1_263' title='bbox 2455 2328 2683 2391; x_wconf 81' lang='lat' dir='ltr'>motiva</span> <span class='ocrx_word' id='word_1_264' title='bbox 2702 2332 3207 2413; x_wconf 77' lang='lat' dir='ltr'>gravitates,qua</span> 
     </span>
     <span class='ocr_line' id='line_1_27' title="bbox 618 2405 3205 2560; baseline -0.001 -85"><span class='ocrx_word' id='word_1_265' title='bbox 618 2409 888 2560; x_wconf 59' lang='lat' dir='ltr'>{anguis</span> <span class='ocrx_word' id='word_1_266' title='bbox 914 2426 1139 2473; x_wconf 75' lang='lat' dir='ltr'>carere</span> <span class='ocrx_word' id='word_1_267' title='bbox 1167 2426 1300 2474; x_wconf 87' lang='lat' dir='ltr'>non</span> <span class='ocrx_word' id='word_1_268' title='bbox 1331 2407 1549 2493; x_wconf 90' lang='lat' dir='ltr'>potest</span> <span class='ocrx_word' id='word_1_269' title='bbox 1581 2408 1663 2473; x_wconf 89' lang='lat' dir='ltr'>ad</span> <span class='ocrx_word' id='word_1_270' title='bbox 1693 2405 1890 2473; x_wconf 89' lang='lat' dir='ltr'>instar</span> <span class='ocrx_word' id='word_1_271' title='bbox 1918 2428 2099 2492; x_wconf 87' lang='lat' dir='ltr'>aquae</span> <span class='ocrx_word' id='word_1_272' title='bbox 2117 2456 2138 2488; x_wconf 93' lang='lat'>,</span> <span class='ocrx_word' id='word_1_273' title='bbox 2185 2425 2336 2472; x_wconf 90' lang='lat' dir='ltr'>cum</span> <span class='ocrx_word' id='word_1_274' title='bbox 2366 2405 2650 2473; x_wconf 84' lang='lat' dir='ltr'>offendit</span> <span class='ocrx_word' id='word_1_275' title='bbox 2677 2409 3032 2476; x_wconf 75' lang='lat' dir='ltr'>canaliculos</span> <span class='ocrx_word' id='word_1_276' title='bbox 3044 2422 3205 2494; x_wconf 88' lang='lat' dir='ltr'>patu-</span> 
     </span>
     <span class='ocr_line' id='line_1_28' title="bbox 665 2488 3203 2633; baseline -0.001 -78"><span class='ocrx_word' id='word_1_277' title='bbox 665 2511 741 2557; x_wconf 89' lang='lat' dir='ltr'>os</span> <span class='ocrx_word' id='word_1_278' title='bbox 769 2510 840 2554; x_wconf 87' lang='lat' dir='ltr'>ca</span> <span class='ocrx_word' id='word_1_279' title='bbox 880 2491 1146 2554; x_wconf 74' lang='lat' dir='ltr'>illm-ium</span> <span class='ocrx_word' id='word_1_280' title='bbox 1173 2510 1505 2569; x_wconf 81' lang='lat' dir='ltr'>venarum,</span> <span class='ocrx_word' id='word_1_281' title='bbox 1534 2489 1589 2633; x_wconf 46' lang='grc' dir='ltr'>,ζ</span> <span class='ocrx_word' id='word_1_282' title='bbox 1612 2507 1696 2553; x_wconf 90' lang='lat' dir='ltr'>eo</span> <span class='ocrx_word' id='word_1_283' title='bbox 1728 2489 1904 2572; x_wconf 90' lang='lat' dir='ltr'>quod</span> <span class='ocrx_word' id='word_1_284' title='bbox 1936 2508 2262 2573; x_wconf 84' lang='lat' dir='ltr'>nunquam</span> <span class='ocrx_word' id='word_1_285' title='bbox 2292 2488 2330 2554; x_wconf 76' lang='grc' dir='ltr'>ὲ</span> <span class='ocrx_word' id='word_1_286' title='bbox 2376 2492 2763 2554; x_wconf 81' lang='lat' dir='ltr'>conniventia</span> <span class='ocrx_word' id='word_1_287' title='bbox 2801 2488 3203 2575; x_wconf 75' lang='lat' dir='ltr'>mernbranosa‚</span> 
     </span>
     <span class='ocr_line' id='line_1_29' title="bbox 635 2568 3204 2658; baseline -0.002 -18"><span class='ocrx_word' id='word_1_288' title='bbox 635 2587 775 2640; x_wconf 84' lang='lat' dir='ltr'>tam</span> <span class='ocrx_word' id='word_1_289' title='bbox 861 2571 1017 2636; x_wconf 65' lang='lat' dir='ltr'>ricta</span> <span class='ocrx_word' id='word_1_290' title='bbox 1045 2571 1108 2636; x_wconf 71' lang='grc' dir='ltr'>ὅ(</span> <span class='ocrx_word' id='word_1_291' title='bbox 1139 2571 1353 2636; x_wconf 86' lang='lat' dir='ltr'>tenaci</span> <span class='ocrx_word' id='word_1_292' title='bbox 1382 2569 1530 2634; x_wconf 88' lang='lat' dir='ltr'>clau</span> <span class='ocrx_word' id='word_1_293' title='bbox 1560 2589 1672 2635; x_wconf 83' lang='lat' dir='ltr'>ura</span> <span class='ocrx_word' id='word_1_294' title='bbox 1706 2570 2056 2655; x_wconf 85' lang='lat' dir='ltr'>constringi</span> <span class='ocrx_word' id='word_1_295' title='bbox 2088 2568 2383 2653; x_wconf 90' lang='lat' dir='ltr'>possunt,</span> <span class='ocrx_word' id='word_1_296' title='bbox 2428 2584 2502 2635; x_wconf 93' lang='lat' dir='ltr'>ut</span> <span class='ocrx_word' id='word_1_297' title='bbox 2532 2570 2744 2638; x_wconf 88' lang='lat' dir='ltr'>aditus</span> <span class='ocrx_word' id='word_1_298' title='bbox 2774 2573 2968 2658; x_wconf 90' lang='lat' dir='ltr'>aliqui</span> <span class='ocrx_word' id='word_1_299' title='bbox 2983 2588 3204 2639; x_wconf 88' lang='lat' dir='ltr'>nonre-</span> 
     </span>
     <span class='ocr_line' id='line_1_30' title="bbox 638 2648 3205 2735; baseline -0.002 -14"><span class='ocrx_word' id='word_1_300' title='bbox 638 2666 984 2730; x_wconf 86' lang='lat' dir='ltr'>maneant,</span> <span class='ocrx_word' id='word_1_301' title='bbox 1028 2651 1197 2717; x_wconf 87' lang='lat' dir='ltr'>utin</span> <span class='ocrx_word' id='word_1_302' title='bbox 1230 2648 1485 2715; x_wconf 90' lang='lat' dir='ltr'>funium</span> <span class='ocrx_word' id='word_1_303' title='bbox 1514 2650 1760 2735; x_wconf 75' lang='lat' dir='ltr'>poi-ulis</span> <span class='ocrx_word' id='word_1_304' title='bbox 1794 2657 2030 2734; x_wconf 85' lang='lat' dir='ltr'>patet)</span> <span class='ocrx_word' id='word_1_305' title='bbox 2073 2648 2332 2714; x_wconf 85' lang='lat' dir='ltr'>necesse</span> <span class='ocrx_word' id='word_1_306' title='bbox 2370 2650 2464 2716; x_wconf 89' lang='lat' dir='ltr'>est</span> <span class='ocrx_word' id='word_1_307' title='bbox 2486 2699 2505 2731; x_wconf 94' lang='lat'>,</span> <span class='ocrx_word' id='word_1_308' title='bbox 2551 2667 2625 2716; x_wconf 90' lang='lat' dir='ltr'>ut</span> <span class='ocrx_word' id='word_1_309' title='bbox 2653 2671 2810 2719; x_wconf 89' lang='lat' dir='ltr'>ener</span> <span class='ocrx_word' id='word_1_310' title='bbox 2856 2655 2915 2720; x_wconf 86' lang='lat' dir='ltr'>ia</span> <span class='ocrx_word' id='word_1_311' title='bbox 2946 2652 3205 2730; x_wconf 88' lang='lat' dir='ltr'>motiva,</span> 
     </span>
     <span class='ocr_line' id='line_1_31' title="bbox 642 2721 3208 2822; baseline -0 -24"><span class='ocrx_word' id='word_1_312' title='bbox 642 2751 772 2818; x_wconf 85' lang='lat' dir='ltr'>qua</span> <span class='ocrx_word' id='word_1_313' title='bbox 800 2731 1095 2816; x_wconf 88' lang='lat' dir='ltr'>pollent,</span> <span class='ocrx_word' id='word_1_314' title='bbox 1142 2721 1424 2795; x_wconf 76' lang='lat' dir='ltr'>inertem</span> <span class='ocrx_word' id='word_1_315' title='bbox 1454 2750 1530 2795; x_wconf 89' lang='lat' dir='ltr'>an</span> <span class='ocrx_word' id='word_1_316' title='bbox 1626 2728 1885 2796; x_wconf 86' lang='lat' dir='ltr'>stiarum</span> <span class='ocrx_word' id='word_1_317' title='bbox 1915 2729 2334 2798; x_wconf 74' lang='lat' dir='ltr'>resistentiam</span> <span class='ocrx_word' id='word_1_318' title='bbox 2359 2728 2658 2817; x_wconf 80' lang='lat' dir='ltr'>superet3</span> <span class='ocrx_word' id='word_1_319' title='bbox 2702 2734 2738 2817; x_wconf 83' lang='lat'><strong>(</strong></span> <span class='ocrx_word' id='word_1_320' title='bbox 2754 2756 2786 2799; x_wconf 90' lang='lat' dir='ltr'>c</span> <span class='ocrx_word' id='word_1_321' title='bbox 2880 2732 3208 2822; x_wconf 84' lang='lat' dir='ltr'>&amp;proinde</span> 
     </span>
     <span class='ocr_line' id='line_1_32' title="bbox 641 2750 2970 2896; baseline 0.001 -16"><span class='ocrx_word' id='word_1_322' title='bbox 641 2814 898 2880; x_wconf 73' lang='lat' dir='ltr'>afflone</span> <span class='ocrx_word' id='word_1_323' title='bbox 925 2810 1109 2877; x_wconf 88' lang='lat' dir='ltr'>fimili</span> <span class='ocrx_word' id='word_1_324' title='bbox 1145 2750 1754 2896; x_wconf 48' lang='lat' dir='ltr'>filtrationisagxguis</span> <span class='ocrx_word' id='word_1_325' title='bbox 1784 2812 1949 2876; x_wconf 86' lang='lat' dir='ltr'>intra</span> <span class='ocrx_word' id='word_1_326' title='bbox 1981 2813 2290 2896; x_wconf 79' lang='lat' dir='ltr'>capillarcs</span> <span class='ocrx_word' id='word_1_327' title='bbox 2318 2815 2571 2878; x_wconf 77' lang='lat' dir='ltr'>venulas</span> <span class='ocrx_word' id='word_1_328' title='bbox 2601 2813 2970 2886; x_wconf 86' lang='lat' dir='ltr'>infinuetur.</span> 
     </span>
     <span class='ocr_line' id='line_1_33' title="bbox 724 2890 3204 2988; baseline 0.001 -30"><span class='ocrx_word' id='word_1_329' title='bbox 724 2891 1040 2976; x_wconf 88' lang='lat' dir='ltr'>Suscepto</span> <span class='ocrx_word' id='word_1_330' title='bbox 1072 2893 1192 2955; x_wconf 85' lang='lat' dir='ltr'>’am</span> <span class='ocrx_word' id='word_1_331' title='bbox 1209 2890 1516 2975; x_wconf 81' lang='lat' dir='ltr'>sanguine</span> <span class='ocrx_word' id='word_1_332' title='bbox 1548 2892 1716 2956; x_wconf 85' lang='lat' dir='ltr'>intra</span> <span class='ocrx_word' id='word_1_333' title='bbox 1747 2892 1999 2957; x_wconf 83' lang='lat' dir='ltr'>venulas</span> <span class='ocrx_word' id='word_1_334' title='bbox 2034 2894 2295 2977; x_wconf 83' lang='lat' dir='ltr'>exiguas</span> <span class='ocrx_word' id='word_1_335' title='bbox 2325 2896 2405 2959; x_wconf 85' lang='lat' dir='ltr'>ab</span> <span class='ocrx_word' id='word_1_336' title='bbox 2436 2896 2667 2961; x_wconf 84' lang='lat' dir='ltr'>eadem</span> <span class='ocrx_word' id='word_1_337' title='bbox 2696 2901 2766 2962; x_wconf 83' lang='lat' dir='ltr'>vi</span> <span class='ocrx_word' id='word_1_338' title='bbox 2796 2900 3204 2988; x_wconf 79' lang='lat' dir='ltr'>impetus‚quo</span> 
     </span>
     <span class='ocr_line' id='line_1_34' title="bbox 641 2970 3201 3065; baseline -0.002 -22"><span class='ocrx_word' id='word_1_339' title='bbox 641 2973 995 3043; x_wconf 76' lang='lat' dir='ltr'>insinuatus</span> <span class='ocrx_word' id='word_1_340' title='bbox 1062 2985 1246 3035; x_wconf 88' lang='lat' dir='ltr'>uerat</span> <span class='ocrx_word' id='word_1_341' title='bbox 1275 2973 1314 3055; x_wconf 85' lang='lat'>(</span> <span class='ocrx_word' id='word_1_342' title='bbox 1330 2990 1481 3036; x_wconf 88' lang='lat' dir='ltr'>cum</span> <span class='ocrx_word' id='word_1_343' title='bbox 1509 2970 1641 3038; x_wconf 86' lang='lat' dir='ltr'>fine</span> <span class='ocrx_word' id='word_1_344' title='bbox 1672 2985 1834 3037; x_wconf 80' lang='lat' dir='ltr'>motu</span> <span class='ocrx_word' id='word_1_345' title='bbox 1866 2974 2008 3039; x_wconf 86' lang='lat' dir='ltr'>talis</span> <span class='ocrx_word' id='word_1_346' title='bbox 2051 2974 2357 3059; x_wconf 73' lang='lat' dir='ltr'>ingressus</span> <span class='ocrx_word' id='word_1_347' title='bbox 2399 2974 2539 3042; x_wconf 91' lang='lat' dir='ltr'>fieri</span> <span class='ocrx_word' id='word_1_348' title='bbox 2586 2979 2919 3065; x_wconf 78' lang='lat' dir='ltr'>nequeat)</span> <span class='ocrx_word' id='word_1_349' title='bbox 2958 2980 3201 3044; x_wconf 75' lang='lat' dir='ltr'>ulterius</span> 
     </span>
     <span class='ocr_line' id='line_1_35' title="bbox 643 3051 3199 3200; baseline -0.002 -77"><span class='ocrx_word' id='word_1_350' title='bbox 643 3053 1113 3139; x_wconf 82' lang='lat' dir='ltr'>aliquantulum</span> <span class='ocrx_word' id='word_1_351' title='bbox 1144 3053 1521 3135; x_wconf 87' lang='lat' dir='ltr'>promoveri</span> <span class='ocrx_word' id='word_1_352' title='bbox 1553 3051 1774 3200; x_wconf 54' lang='lat' dir='ltr'>potest</span> <span class='ocrx_word' id='word_1_353' title='bbox 1802 3055 2057 3140; x_wconf 82' lang='lat' dir='ltr'>impulsu</span> <span class='ocrx_word' id='word_1_354' title='bbox 2080 3055 2122 3122; x_wconf 75' lang='lat' dir='ltr'>a</span> <span class='ocrx_word' id='word_1_355' title='bbox 2139 3061 2393 3139; x_wconf 82' lang='lat' dir='ltr'>propria</span> <span class='ocrx_word' id='word_1_356' title='bbox 2423 3058 2485 3124; x_wconf 76' lang='grc' dir='ltr'>δι</span> <span class='ocrx_word' id='word_1_357' title='bbox 2532 3059 2612 3125; x_wconf 87' lang='lat' dir='ltr'>ab</span> <span class='ocrx_word' id='word_1_358' title='bbox 2656 3073 2906 3127; x_wconf 81' lang='lat' dir='ltr'>externa</span> <span class='ocrx_word' id='word_1_359' title='bbox 2946 3063 3042 3139; x_wconf 78' lang='lat' dir='ltr'>vi,</span> <span class='ocrx_word' id='word_1_360' title='bbox 3082 3074 3199 3121; x_wconf 88' lang='lat' dir='ltr'>nec</span> 
     </span>
     <span class='ocr_line' id='line_1_36' title="bbox 643 3134 3194 3225; baseline 0.001 -25"><span class='ocrx_word' id='word_1_361' title='bbox 643 3155 785 3204; x_wconf 87' lang='lat' dir='ltr'>non</span> <span class='ocrx_word' id='word_1_362' title='bbox 819 3134 902 3224; x_wconf 82' lang='lat' dir='ltr'>ab</span> <span class='ocrx_word' id='word_1_363' title='bbox 936 3151 1053 3223; x_wconf 80' lang='lat' dir='ltr'>ea,</span> <span class='ocrx_word' id='word_1_364' title='bbox 1100 3151 1225 3217; x_wconf 88' lang='lat' dir='ltr'>qua</span> <span class='ocrx_word' id='word_1_365' title='bbox 1255 3153 1333 3200; x_wconf 86' lang='lat' dir='ltr'>ur</span> <span class='ocrx_word' id='word_1_366' title='bbox 1380 3150 1524 3199; x_wconf 83' lang='lat' dir='ltr'>etur</span> <span class='ocrx_word' id='word_1_367' title='bbox 1608 3135 1730 3219; x_wconf 83' lang='lat' dir='ltr'>san</span> <span class='ocrx_word' id='word_1_368' title='bbox 1774 3139 1914 3200; x_wconf 82' lang='lat' dir='ltr'>uine</span> <span class='ocrx_word' id='word_1_369' title='bbox 1944 3156 2119 3220; x_wconf 90' lang='lat' dir='ltr'>pone</span> <span class='ocrx_word' id='word_1_370' title='bbox 2151 3135 2483 3223; x_wconf 83' lang='lat' dir='ltr'>sequenti,</span> <span class='ocrx_word' id='word_1_371' title='bbox 2531 3158 2607 3206; x_wconf 77' lang='lat' dir='ltr'>ut</span> <span class='ocrx_word' id='word_1_372' title='bbox 2634 3142 2931 3210; x_wconf 89' lang='lat' dir='ltr'>videmus</span> <span class='ocrx_word' id='word_1_373' title='bbox 2957 3156 3194 3225; x_wconf 82' lang='lat' dir='ltr'>aquam,</span> 
     </span>
     <span class='ocr_line' id='line_1_37' title="bbox 644 3213 3195 3309; baseline -0.001 -25"><span class='ocrx_word' id='word_1_374' title='bbox 644 3218 685 3284; x_wconf 75' lang='grc' dir='ltr'>ὲ</span> <span class='ocrx_word' id='word_1_375' title='bbox 716 3215 893 3283; x_wconf 86' lang='lat' dir='ltr'>filtro</span> <span class='ocrx_word' id='word_1_376' title='bbox 925 3214 1243 3309; x_wconf 70' lang='lat' dir='ltr'>exqutam</span> <span class='ocrx_word' id='word_1_377' title='bbox 1263 3263 1285 3297; x_wconf 93' lang='lat'>,</span> <span class='ocrx_word' id='word_1_378' title='bbox 1398 3213 1462 3281; x_wconf 92' lang='lat' dir='ltr'>su</span> <span class='ocrx_word' id='word_1_379' title='bbox 1515 3223 1689 3283; x_wconf 87' lang='lat' dir='ltr'>rema</span> <span class='ocrx_word' id='word_1_380' title='bbox 1772 3218 1973 3284; x_wconf 87' lang='lat' dir='ltr'>mbria</span> <span class='ocrx_word' id='word_1_381' title='bbox 2004 3220 2325 3291; x_wconf 81' lang='lat' dir='ltr'>reclinata</span> <span class='ocrx_word' id='word_1_382' title='bbox 2348 3222 2411 3289; x_wconf 71' lang='grc' dir='ltr'>ἀ</span> <span class='ocrx_word' id='word_1_383' title='bbox 2486 3222 2725 3288; x_wconf 87' lang='lat' dir='ltr'>endula</span> <span class='ocrx_word' id='word_1_384' title='bbox 2751 3218 3195 3309; x_wconf 84' lang='lat' dir='ltr'>percolari.Po·</span> 
     </span>
     <span class='ocr_line' id='line_1_38' title="bbox 643 3293 3201 3382; baseline 0 -17"><span class='ocrx_word' id='word_1_385' title='bbox 643 3293 820 3378; x_wconf 87' lang='lat' dir='ltr'>stea,</span> <span class='ocrx_word' id='word_1_386' title='bbox 865 3316 1012 3382; x_wconf 78' lang='lat' dir='ltr'>quia</span> <span class='ocrx_word' id='word_1_387' title='bbox 1099 3296 1392 3363; x_wconf 64' lang='lat' dir='ltr'>collectis</span> <span class='ocrx_word' id='word_1_388' title='bbox 1422 3316 1464 3380; x_wconf 92' lang='lat' dir='ltr'>p</span> <span class='ocrx_word' id='word_1_389' title='bbox 1498 3299 1719 3363; x_wconf 85' lang='lat' dir='ltr'>uribus</span> <span class='ocrx_word' id='word_1_390' title='bbox 1748 3300 2026 3381; x_wconf 79' lang='lat' dir='ltr'>venulis,</span> <span class='ocrx_word' id='word_1_391' title='bbox 2074 3301 2375 3368; x_wconf 81' lang='lat' dir='ltr'>latiorem</span> <span class='ocrx_word' id='word_1_392' title='bbox 2470 3304 2685 3369; x_wconf 69' lang='lat' dir='ltr'>ustum</span> <span class='ocrx_word' id='word_1_393' title='bbox 2729 3303 3108 3382; x_wconf 90' lang='lat' dir='ltr'>conficiunt,</span> <span class='ocrx_word' id='word_1_394' title='bbox 3143 3299 3201 3365; x_wconf 87' lang='lat' dir='ltr'>in</span> 
     </span>
     <span class='ocr_line' id='line_1_39' title="bbox 647 3344 3201 3473; baseline 0.001 -28"><span class='ocrx_word' id='word_1_395' title='bbox 647 3396 868 3465; x_wconf 87' lang='lat' dir='ltr'>eoque</span> <span class='ocrx_word' id='word_1_396' title='bbox 899 3344 1440 3472; x_wconf 71' lang='lat' dir='ltr'>sensimmotussa</span> <span class='ocrx_word' id='word_1_397' title='bbox 1527 3383 1693 3473; x_wconf 61' lang='lat' dir='ltr'>uinis</span> <span class='ocrx_word' id='word_1_398' title='bbox 1723 3381 2123 3464; x_wconf 83' lang='lat' dir='ltr'>retardatur,</span> <span class='ocrx_word' id='word_1_399' title='bbox 2168 3384 2229 3450; x_wconf 71' lang='grc' dir='ltr'>δε</span> <span class='ocrx_word' id='word_1_400' title='bbox 2259 3383 2521 3468; x_wconf 83' lang='lat' dir='ltr'>languet</span> <span class='ocrx_word' id='word_1_401' title='bbox 2551 3388 2653 3449; x_wconf 80' lang='lat' dir='ltr'>vis</span> <span class='ocrx_word' id='word_1_402' title='bbox 2681 3376 3201 3469; x_wconf 46' lang='lat' dir='ltr'>pristinmimpulfi·</span> 
     </span>
     <span class='ocr_line' id='line_1_40' title="bbox 629 3459 3198 3550; baseline 0.002 -24"><span class='ocrx_word' id='word_1_403' title='bbox 629 3469 772 3540; x_wconf 78' lang='lat' dir='ltr'>&#39;va,</span> <span class='ocrx_word' id='word_1_404' title='bbox 818 3459 972 3524; x_wconf 91' lang='lat' dir='ltr'>ideo</span> <span class='ocrx_word' id='word_1_405' title='bbox 1004 3459 1319 3542; x_wconf 80' lang='lat' dir='ltr'>deinceps</span> <span class='ocrx_word' id='word_1_406' title='bbox 1353 3479 1499 3527; x_wconf 78' lang='lat' dir='ltr'>auxi</span> <span class='ocrx_word' id='word_1_407' title='bbox 1532 3461 1767 3528; x_wconf 76' lang='lat' dir='ltr'>iai-ibus</span> <span class='ocrx_word' id='word_1_408' title='bbox 1796 3467 2068 3529; x_wconf 82' lang='lat' dir='ltr'>manibus</span> <span class='ocrx_word' id='word_1_409' title='bbox 2100 3465 2353 3550; x_wconf 84' lang='lat' dir='ltr'>indiget</span> <span class='ocrx_word' id='word_1_410' title='bbox 2379 3512 2401 3545; x_wconf 88' lang='lat'>,</span> <span class='ocrx_word' id='word_1_411' title='bbox 2445 3483 2519 3530; x_wconf 91' lang='lat' dir='ltr'>ut</span> <span class='ocrx_word' id='word_1_412' title='bbox 2546 3471 2925 3550; x_wconf 83' lang='lat' dir='ltr'>promoveri</span> <span class='ocrx_word' id='word_1_413' title='bbox 2970 3463 3198 3534; x_wconf 69' lang='lat' dir='ltr'>ulterius</span> 
     </span>
     <span class='ocr_line' id='line_1_41' title="bbox 627 3538 3195 3629; baseline 0.003 -23"><span class='ocrx_word' id='word_1_414' title='bbox 627 3539 863 3626; x_wconf 67' lang='lat' dir='ltr'>ponit.</span> <span class='ocrx_word' id='word_1_415' title='bbox 931 3539 1035 3622; x_wconf 53' lang='lat' dir='ltr'>gEt</span> <span class='ocrx_word' id='word_1_416' title='bbox 1064 3540 1164 3604; x_wconf 84' lang='lat' dir='ltr'>hae</span> <span class='ocrx_word' id='word_1_417' title='bbox 1197 3540 1458 3624; x_wconf 89' lang='lat' dir='ltr'>quidem</span> <span class='ocrx_word' id='word_1_418' title='bbox 1492 3538 1634 3607; x_wconf 89' lang='lat' dir='ltr'>sunt</span> <span class='ocrx_word' id='word_1_419' title='bbox 1661 3545 1877 3626; x_wconf 86' lang='lat' dir='ltr'>primo</span> <span class='ocrx_word' id='word_1_420' title='bbox 1910 3545 2061 3611; x_wconf 91' lang='lat' dir='ltr'>loco</span> <span class='ocrx_word' id='word_1_421' title='bbox 2093 3550 2231 3625; x_wconf 83' lang='lat' dir='ltr'>vis,</span> <span class='ocrx_word' id='word_1_422' title='bbox 2324 3566 2401 3611; x_wconf 80' lang='lat' dir='ltr'>ua</span> <span class='ocrx_word' id='word_1_423' title='bbox 2419 3545 2590 3629; x_wconf 83' lang='lat' dir='ltr'>fibrae</span> <span class='ocrx_word' id='word_1_424' title='bbox 2607 3550 2933 3616; x_wconf 80' lang='lat' dir='ltr'>circulares</span> <span class='ocrx_word' id='word_1_425' title='bbox 2949 3558 3195 3615; x_wconf 71' lang='lat' dir='ltr'>vernarum</span> 
     </span>
     <span class='ocr_line' id='line_1_42' title="bbox 635 3619 3186 3715; baseline 0.002 -28"><span class='ocrx_word' id='word_1_426' title='bbox 635 3620 1158 3701; x_wconf 77' lang='lat' dir='ltr'>contrahuntur,</span> <span class='ocrx_word' id='word_1_427' title='bbox 1194 3619 1567 3706; x_wconf 69' lang='lat' dir='ltr'>peristaltica</span> <span class='ocrx_word' id='word_1_428' title='bbox 1599 3628 1669 3686; x_wconf 82' lang='lat' dir='ltr'>vi</span> <span class='ocrx_word' id='word_1_429' title='bbox 1714 3619 1953 3690; x_wconf 88' lang='lat' dir='ltr'>eisdem</span> <span class='ocrx_word' id='word_1_430' title='bbox 1990 3626 2172 3707; x_wconf 85' lang='lat' dir='ltr'>fibris</span> <span class='ocrx_word' id='word_1_431' title='bbox 2216 3628 2434 3708; x_wconf 82' lang='lat' dir='ltr'>inita,</span> <span class='ocrx_word' id='word_1_432' title='bbox 2485 3628 2521 3693; x_wconf 73' lang='lat' dir='ltr'>a</span> <span class='ocrx_word' id='word_1_433' title='bbox 2565 3648 2693 3713; x_wconf 79' lang='lat' dir='ltr'>qua</span> <span class='ocrx_word' id='word_1_434' title='bbox 2736 3632 2885 3715; x_wconf 81' lang='lat' dir='ltr'>vasa</span> <span class='ocrx_word' id='word_1_435' title='bbox 2928 3624 3186 3698; x_wconf 81' lang='lat' dir='ltr'>constrin-</span> 
     </span>
     <span class='ocr_line' id='line_1_43' title="bbox 647 3701 3213 3796; baseline 0.006 -30"><span class='ocrx_word' id='word_1_436' title='bbox 647 3718 929 3786; x_wconf 83' lang='lat' dir='ltr'>guntur,</span> <span class='ocrx_word' id='word_1_437' title='bbox 973 3701 1321 3767; x_wconf 83' lang='lat' dir='ltr'>ad&#39;uvante</span> <span class='ocrx_word' id='word_1_438' title='bbox 1357 3704 1552 3769; x_wconf 90' lang='lat' dir='ltr'>etiam</span> <span class='ocrx_word' id='word_1_439' title='bbox 1585 3705 1927 3771; x_wconf 83' lang='lat' dir='ltr'>ambientis</span> <span class='ocrx_word' id='word_1_440' title='bbox 1960 3707 2021 3773; x_wconf 71' lang='grc' dir='ltr'>ὃ(</span> <span class='ocrx_word' id='word_1_441' title='bbox 2052 3708 2290 3773; x_wconf 87' lang='lat' dir='ltr'>interni</span> <span class='ocrx_word' id='word_1_442' title='bbox 2322 3710 2487 3775; x_wconf 62' lang='lat' dir='ltr'>aeris</span> <span class='ocrx_word' id='word_1_443' title='bbox 2521 3708 2807 3796; x_wconf 88' lang='lat' dir='ltr'>inspirati</span> <span class='ocrx_word' id='word_1_444' title='bbox 2827 3703 3213 3796; x_wconf 80' lang='lat' dir='ltr'>compreffi⁰·.</span> 
     </span>
     <span class='ocr_line' id='line_1_44' title="bbox 647 3777 3194 3920; baseline 0.007 -69"><span class='ocrx_word' id='word_1_445' title='bbox 647 3800 737 3851; x_wconf 85' lang='lat' dir='ltr'>ne</span> <span class='ocrx_word' id='word_1_446' title='bbox 748 3829 772 3864; x_wconf 89' lang='lat'>,</span> <span class='ocrx_word' id='word_1_447' title='bbox 821 3783 858 3849; x_wconf 72' lang='lat' dir='ltr'>a</span> <span class='ocrx_word' id='word_1_448' title='bbox 884 3801 1020 3869; x_wconf 92' lang='lat' dir='ltr'>pon</span> <span class='ocrx_word' id='word_1_449' title='bbox 1070 3799 1180 3849; x_wconf 87' lang='lat' dir='ltr'>ere</span> <span class='ocrx_word' id='word_1_450' title='bbox 1211 3784 1274 3850; x_wconf 71' lang='grc' dir='ltr'>ὅ(</span> <span class='ocrx_word' id='word_1_451' title='bbox 1303 3779 1542 3870; x_wconf 80' lang='lat' dir='ltr'>elastica</span> <span class='ocrx_word' id='word_1_452' title='bbox 1572 3789 1642 3851; x_wconf 82' lang='lat' dir='ltr'>vi</span> <span class='ocrx_word' id='word_1_453' title='bbox 1673 3788 1852 3869; x_wconf 80' lang='lat' dir='ltr'>ejus,</span> <span class='ocrx_word' id='word_1_454' title='bbox 1897 3806 2024 3854; x_wconf 90' lang='lat' dir='ltr'>nec</span> <span class='ocrx_word' id='word_1_455' title='bbox 2056 3807 2190 3855; x_wconf 91' lang='lat' dir='ltr'>non</span> <span class='ocrx_word' id='word_1_456' title='bbox 2223 3789 2302 3855; x_wconf 90' lang='lat' dir='ltr'>ab</span> <span class='ocrx_word' id='word_1_457' title='bbox 2351 3787 2659 3875; x_wconf 78' lang='lat' dir='ltr'>inflatione</span> <span class='ocrx_word' id='word_1_458' title='bbox 2704 3794 3098 3867; x_wconf 69' lang='lat' dir='ltr'>musculorum,</span> <span class='ocrx_word' id='word_1_459' title='bbox 3133 3777 3194 3920; x_wconf 47' lang='grc' dir='ltr'>δὲ</span> 
     </span>
    </p>
   </div>
   <div class='ocr_carea' id='block_1_5' title="bbox 836 3940 2661 4193">
    <p class='ocr_par' dir='ltr' id='par_1_5' title="bbox 836 3940 2661 4193">
     <span class='ocr_line' id='line_1_45' title="bbox 907 3940 2661 4042; baseline 0.008 -33"><span class='ocrx_word' id='word_1_460' title='bbox 907 3947 984 4029; x_wconf 84' lang='lat' dir='ltr'>a)</span> <span class='ocrx_word' id='word_1_461' title='bbox 1030 3940 1139 4041; x_wconf 80' lang='lat' dir='ltr'>De</span> <span class='ocrx_word' id='word_1_462' title='bbox 1157 3947 1434 4012; x_wconf 88' lang='lat' dir='ltr'>motion.</span> <span class='ocrx_word' id='word_1_463' title='bbox 1481 3965 1687 4015; x_wconf 89' lang='lat' dir='ltr'>natur.</span> <span class='ocrx_word' id='word_1_464' title='bbox 1735 3947 1771 4014; x_wconf 73' lang='grc' dir='ltr'>ὲ</span> <span class='ocrx_word' id='word_1_465' title='bbox 1817 3950 2139 4036; x_wconf 83' lang='lat' dir='ltr'>gravitate</span> <span class='ocrx_word' id='word_1_466' title='bbox 2167 3955 2363 4040; x_wconf 88' lang='lat' dir='ltr'>pend.</span> <span class='ocrx_word' id='word_1_467' title='bbox 2413 3973 2556 4042; x_wconf 83' lang='lat' dir='ltr'>cap.</span> <span class='ocrx_word' id='word_1_468' title='bbox 2598 3963 2661 4025; x_wconf 83' lang='lat'>6.</span> 
     </span>
     <span class='ocr_line' id='line_1_46' title="bbox 836 3943 2393 4193; baseline 0.01 -103"><span class='ocrx_word' id='word_1_469' title='bbox 836 3943 993 4193; x_wconf 52' lang='grc' dir='ltr'>ΞΒ</span> <span class='ocrx_word' id='word_1_470' title='bbox 1037 4025 1285 4094; x_wconf 83' lang='lat' dir='ltr'>Ibidem</span> <span class='ocrx_word' id='word_1_471' title='bbox 1317 4028 1510 4112; x_wconf 89' lang='lat' dir='ltr'>Prop.</span> <span class='ocrx_word' id='word_1_472' title='bbox 1570 4039 1642 4101; x_wconf 88' lang='lat'>18</span> <span class='ocrx_word' id='word_1_473' title='bbox 1695 4081 1709 4095; x_wconf 92' lang='lat'><strong>.</strong></span> <span class='ocrx_word' id='word_1_474' title='bbox 2320 4041 2393 4105; x_wconf 67' lang='lat' dir='ltr'><em>O</em></span> 
     </span>
    </p>
   </div>
   <div class='ocr_carea' id='block_1_6' title="bbox 1037 4107 1959 4199">
    <p class='ocr_par' dir='ltr' id='par_1_6' title="bbox 1037 4107 1959 4199">
     <span class='ocr_line' id='line_1_47' title="bbox 1037 4107 1959 4199; baseline -0.008 -21"><span class='ocrx_word' id='word_1_475' title='bbox 1037 4107 1150 4178; x_wconf 89' lang='lat' dir='ltr'>De</span> <span class='ocrx_word' id='word_1_476' title='bbox 1184 4110 1253 4177; x_wconf 85' lang='lat' dir='ltr'>vi</span> <span class='ocrx_word' id='word_1_477' title='bbox 1285 4109 1562 4195; x_wconf 84' lang='lat' dir='ltr'>percuff.</span> <span class='ocrx_word' id='word_1_478' title='bbox 1658 4132 1806 4199; x_wconf 88' lang='lat' dir='ltr'>rop.</span> <span class='ocrx_word' id='word_1_479' title='bbox 1849 4131 1959 4192; x_wconf 86' lang='lat'>90·</span> 
     </span>
    </p>
   </div>
   <div class='ocr_carea' id='block_1_7' title="bbox 3310 4233 3362 4445">
    <p class='ocr_par' dir='ltr' id='par_1_7' title="bbox 3310 4233 3362 4445">
     <span class='ocr_line' id='line_1_48' title="bbox 3310 4233 3362 4445; baseline 0 0"><span class='ocrx_word' id='word_1_480' title='bbox 3310 4233 3362 4445; x_wconf 72' lang='lat' dir='ltr'>i</span> 
     </span>
    </p>
   </div>
   <div class='ocr_carea' id='block_1_8' title="bbox 3361 4123 3363 4212">
    <p class='ocr_par' dir='ltr' id='par_1_8' title="bbox 3361 4123 3363 4212">
     <span class='ocr_line' id='line_1_49' title="bbox 3361 4123 3363 4212; baseline 0 0"><span class='ocrx_word' id='word_1_481' title='bbox 3361 4123 3363 4212; x_wconf 64' lang='lat'><em>1</em></span> 
     </span>
    </p>
   </div>
   <div class='ocr_carea' id='block_1_9' title="bbox 3375 2134 3390 2908">
    <p class='ocr_par' dir='ltr' id='par_1_9' title="bbox 3375 2134 3390 2908">
     <span class='ocr_line' id='line_1_50' title="bbox 3375 2134 3390 2908; baseline 0 0"><span class='ocrx_word' id='word_1_482' title='bbox 3375 2134 3390 2908; x_wconf 95' lang='lat' dir='ltr'> </span> 
     </span>
    </p>
   </div>
  </div>
 </body>
</html>
