3419 4538
1029 167 2049 277 PEBRILISy
2691 206 2819 273 2⁶9

195 367 578 434 vehenoenter
606 359 671 426 in
702 356 907 443 flatu*
953 360 1145 424 ebrili.
1217 358 1441 447 Quare
1471 357 1552 420 ad
1581 352 1748 434 hoc,
1790 371 1866 419 ut
1898 355 2149 420 celerius
2184 353 2248 419 ἃ
2277 351 2679 419 vehementius
2706 372 2809 416 cor

193 461 591 523 moveatur,
625 443 717 507 nil
744 442 874 506 aliu
952 441 1333 532 requiritur,
1365 437 1480 501 nisi
1512 454 1584 501 ut
1608 436 1723 500 ille
1757 437 1968 514 succus
1995 434 2404 518 spirituosus,
2432 439 2632 499 acrior
2660 435 2806 498 red·

201 532 381 596 ditus
408 575 429 609 ,
474 524 885 608 frequentius
934 519 1295 585 instilletur.
1385 518 1679 601 Cumque
1706 519 1955 601 febrilis
1985 515 2329 600 constitutio
2372 535 2504 581 non
2543 516 2809 581 differat

201 608 449 694 &statu
470 607 814 692 sanitatis,
858 600 970 668 nisi
1016 602 1082 666 in
1122 602 1424 666 celeritate
1453 599 1516 664 ὅ(
1545 600 1916 665 vehementia
1956 610 2149 663 motus
2191 599 2387 661 cordis
2418 621 2435 636 ·
2497 598 2516 663 i
2567 600 2694 663 itur
2738 595 2808 660 in

186 689 373 776 statu
399 688 619 772 febrili
639 686 911 771 spiritus
940 729 961 763 ,
1004 679 1116 748 seu
1140 682 1365 767 succus
1409 700 1666 746 nerveus
1694 680 1787 748 ob
1816 683 2150 747 acredinem
2177 679 2366 744 citius
2396 647 2460 745 ἃ
2489 617 2802 764 ἐρρηθη·

202 773 333 839 tius
375 773 542 836 intra·
582 788 682 833 cor
724 763 1089 832 instillatur.
1578 808 1586 818 ‚
2385 811 2392 816 -

244 890 263 900 -
304 853 395 919 Et
437 853 581 916 haec
624 844 771 913 satis
815 846 1164 912 ostendunt
1205 845 1446 912 nedum
1488 845 1979 931 possibilitatem
2040 844 2274 913 nostrae
2334 844 2671 930 positionis
2714 845 2801 912 de

202 949 435 1001 natura
457 934 659 1015 febris
689 976 709 1009 ,
754 926 863 993 sed
906 943 1222 1012 praeterea
1263 926 1649 993 facilitatem
1682 923 2198 1011 simpliciffimam
2234 926 2603 993 effectionis
2638 928 2800 1007 ejus.

204 1015 430 1162 2?ng
443 1011 808 1159 ffffcyemus
836 1010 1202 1074 rationes&
1221 1010 1715 1093 experimenta,
1738 1010 1968 1093 quibus
1998 1008 2366 1076 confirmari
2391 1007 2609 1094 potest
2638 1025 2804 1093 prae-

343 1116 379 1160 a
408 1113 441 1159 a
491 1109 681 1159 ertio.
981 1110 992 1119 “
1952 1100 1959 1117 ·

286 1176 379 1243 Et
419 1176 632 1259 primo
662 1167 979 1251 observo,
1027 1170 1204 1256 quod
1242 1170 1281 1237 a
1321 1168 1589 1255 fimplici
1635 1175 1803 1237 odore
1830 1176 2007 1252 vini,
2051 1173 2160 1238 vel
2208 1174 2244 1239 ὲ
2337 1173 2593 1238 uolibet
2620 1184 2803 1253 vapo-

204 1279 277 1325 re
300 1257 629 1343 spirituoso
670 1254 734 1319 ὅτ,
780 1255 1087 1317 nutritiva
1129 1256 1298 1319 vires
1332 1254 1621 1318 animalis
1667 1255 1984 1337 languidae
2025 1255 2087 1320 δε
2138 1255 2282 1319 labe
2319 1254 2541 1320 aCtatae
2583 1249 2801 1320 mirifi-

212 1358 295 1405 ce
342 1335 724 1403 reficiuntur
753 1380 773 1413 ,
838 1334 900 1399 dt
929 1336 1125 1398 cordis
1168 1335 1455 1421 languida
1487 1335 1746 1420 pulsatio
1786 1352 2128 1412 momento
2173 1336 2542 1403 vivificatur
2585 1335 2647 1400 δι
2688 1354 2800 1399 au·

210 1435 423 1506 getur.
514 1417 759 1482 Procul
788 1414 991 1479 dubio
1017 1416 1191 1495 fumi
1222 1414 1436 1495 odorosi
1475 1436 1608 1482 non
1646 1418 2210 1483 communicantur
2255 1437 2375 1500 per
2404 1436 2593 1481 venas
2621 1463 2644 1498 ,
2689 1430 2802 1480 aut

210 1520 334 1586 per
368 1499 669 1583 pulmonis
713 1499 991 1561 bronchia
1035 1495 1113 1560 ad
1159 1517 1296 1578 cor,
1344 1498 1582 1562 nedum
1632 1499 1780 1581 quia
1830 1497 2124 1563 transitus
2216 1519 2286 1563 er
2321 1500 2619 1581 pulmones
2664 1515 2802 1561 non

210 1596 485 1667 patent,
526 1577 638 1644 sed
681 1579 876 1643 etiam
912 1576 1101 1662 quia,
1143 1575 1187 1642 fi
1234 1593 1497 1671 rete-nto
1522 1578 1762 1675 spiritu
1784 1580 1961 1671 fumi
1987 1517 2209 1658 odoross
2227 1578 2648 1671 ascendentes
2683 1597 2805 1662 per

208 1684 387 1729 nares
441 1660 839 1726 insinuentur
867 1706 888 1739 ,
948 1658 1010 1724 δι
1052 1657 1223 1723 facta
1279 1662 1678 1753 eqcspiraztone
1707 1705 1730 1738 ,
1789 1661 2118 1744 applicato
2161 1681 2256 1726 ore
2298 1660 2605 1728 foramini
2646 1708 2667 1740 ,
2737 1661 2804 1725 in

214 1743 501 1810 cubiculi
532 1742 781 1824 pariete
812 1754 1550 1824 excavat0‚exc1p1atur
1579 1737 2054 1825 inspireturque
2083 1761 2303 1807 >novus
2334 1744 2436 1807 ai‘r
2464 1754 2801 1822 externus,

214 1825 280 1892 ὅ(
317 1824 446 1889 hoc
487 1820 743 1907 semper
781 1836 1113 1905 repetatur
1143 1868 1164 1900 ,
1211 1836 1395 1885 certe
1424 1823 1594 1905 fumi
1639 1820 1854 1901 odorofi
1896 1823 2060 1887 intra
2103 1823 2479 1889 cubiculum
2521 1821 2746 1889 inclufi
2777 1873 2801 1908 ,

214 1904 634 1973 ascendentes
680 1921 812 1968 non
843 1902 924 1967 ad
973 1920 1068 1965 cor
1098 1920 1218 1986 per
1251 1903 1554 1985 pulmones
1588 1952 1611 1984 ,
1656 1900 1767 1969 sed
1811 1924 1930 1987 per
1973 1924 2151 1970 nares
2196 1903 2539 1984 intimati,
2587 1925 2820 1972 nervos.

211 1989 633 2054 mammillares
681 1984 1007 2049 titillando
1036 2030 1059 2065 ,
1121 1984 1202 2048 ad
1244 1988 1543 2050 cerebrum
1588 1988 1987 2070 pertingent.
2074 1986 2164 2051 Et
2208 1985 2359 2053 hinc
2418 2007 2536 2071 per
2592 2008 2810 2054 nervos

215 2069 597 2148 celerrime,
642 2067 704 2132 ὅ(
727 2066 896 2212 anast
927 2081 1392 2131 momentaneo
1421 2079 1583 2132 motu
1619 2068 1698 2131 ad
1742 2088 1840 2131 cor
1870 2071 2046 2133 motio
2071 2067 2379 2152 &affeetio
2406 2070 2598 2134 odoris
2633 2087 2810 2136 com·

214 2150 534 2219 municari
563 2164 723 2232 pote
795 2168 816 2228 3
866 2147 1076 2226 unde,
1120 2147 1191 2210 vi
1221 2146 1391 2211 illius
1419 2147 1761 2225 refeftionis
1791 2145 2030 2213 fortius
2060 2168 2159 2213 cor
2186 2150 2443 2214 moveri
2472 2150 2535 2215 ὅ(
2562 2148 2812 2235 pulsare

220 2231 441 2318 poss'e,
490 2230 743 2297 videtur
785 2228 1024 2293 nedum
1057 2227 1391 2312 poffibile,
1436 2225 1547 2294 sed
1578 2226 2018 2294 necessarium.

318 2313 618 2381 Secundo
661 2311 724 2376 id
770 2303 975 2395 ipsum
1023 2308 1440 2374 confirmatur
1480 2310 1560 2375 ab
1608 2309 1905 2393 oppofita
1938 2312 2327 2390 operatione
2370 2313 2521 2377 tetri
2569 2313 2630 2378 ὅτ,
2675 2333 2809 2379 ma·

217 2395 382 2483 ligni
401 2396 678 2477 fatoris,
723 2394 832 2475 qui
869 2409 987 2474 per
1034 2410 1211 2456 nares
1254 2392 1334 2456 ad
1388 2395 1689 2457 cerebrum
1740 2392 2085 2474 perductus
2132 2397 2298 2459 vires
2354 2393 2706 2478 posternit,
2750 2395 2815 2462 ὅ(

217 2481 279 2545 la
369 2481 541 2541 uidas
562 2475 930 2560 pulsationes
983 2473 1047 2536 in
1082 2474 1251 2536 corde
1282 2472 1607 2556 producit.

284 2496 538 2625 ssertio
569 2576 702 2622 non
747 2553 930 2620 secus
960 2568 1220 2623 retento
1250 2554 1312 2627 ὅ(
1341 2555 1585 2639 agitato
1618 2555 1777 2620 vino
1837 2555 2002 2621 intra
2044 2576 2103 2620 os
2160 2574 2281 2639 per
2338 2576 2424 2621 va
2449 2577 2486 2620 a
2509 2554 2814 2639 salivalia

219 2641 479 2727 spiritus
524 2640 656 2703 vini
689 2638 768 2701 ad
806 2637 1165 2720 glandulas,
1208 2635 1271 2700 &
1323 2636 1474 2699 hinc
1504 2655 1623 2719 per
1654 2657 1869 2702 nervos
1898 2638 1978 2702 ad
2009 2642 2346 2717 cereorum,
2495 2659 2594 2701 cor
2629 2657 2813 2705 com-

219 2724 588 2790 municatus
634 2718 925 2785 citissime
952 2720 1118 2781 ‘vires
1147 2716 1209 2782 δι
1262 2716 1627 2801 pulsationes
1671 2721 1868 2782 cordis
1924 2717 2198 2784 reficere
2245 2721 2306 2785 ὅ(
2348 2717 2683 2786 vivificare
2716 2722 2814 2787 vi·

219 2806 437 2871 detur.
582 2830 591 2835 ·
1831 2822 1890 2840 ··

178 2902 201 2945 ι
244 2892 279 2914 ·“
313 2884 607 2973 Quart0,
655 2879 764 2947 sed
793 2882 1161 2948 evidentius
1191 2882 1322 2948 hoc
1355 2879 1781 2947 confirmatur
1828 2902 1912 2948 ex
1952 2885 2141 2947 animi
2171 2884 2627 2965 parbematz‘bns.
2714 2886 2822 2953 Ex

182 2966 501 3051 'fimplici
548 2966 717 3030 enim
767 2964 1281 3058 apprehensione
1333 2964 1571 3046 objecti
1632 2964 1958 3030 horribilis
2019 2960 2231 3028 subito
2276 2986 2371 3030 cor
2419 2967 2480 3030 in
2528 2967 2648 3032 suis
2733 2972 2828 3034 ul-

198 3049 552 3136 fiztionibus
596 3047 979 3122 retrahitur,
1024 3046 1498 3130 minuiturque3
1557 3046 1594 3110 ὲ
1655 3063 1885 3112 contra
1920 3067 2003 3111 ex
2062 3065 2141 3192 rip
2187 3045 2578 3119 ,rehensione
2643 3069 2685 3114 o
2731 3052 2825 3132 J‘e·

179 3130 310 3197 ·ἐὶὶ
359 3125 603 3209 suaviS,
647 3130 709 3193 δ(
752 3128 866 3193 diu
928 3127 1241 3209 expetiti,
1288 3149 1388 3192 ‘cor
1422 3127 1787 3210 pulsationes
1835 3143 2031 3211 auget
2106 3148 2143 3192 u
2195 3127 2509 3195 sulcando.
2599 3130 2826 3198 Nemo

223 3218 413 3278 certe
471 3208 637 3275 sanae
706 3208 941 3274 mentis
1000 3209 1312 3292 negabit,
1385 3210 1850 3274 communicari
1917 3210 2111 3275 talem
2172 3209 2477 3275 affectum
2538 3217 2826 3296 timoris,

227 3298 341 3358 aut
364 3295 577 3375 gaudii
627 3309 745 3374 per
791 3292 1004 3354 nervos
1047 3289 1083 3353 ὲ
1141 3293 1407 3369 cerebro,
1455 3287 1604 3354 sede
1664 3293 2154 3375 imaginationis,
2201 3292 2280 3355 ad
2328 3312 2444 3355 cor.
2533 3294 2599 3357 Si
2636 3295 2833 3377 igitur

209 3376 525 3465 spiritus,
571 3368 683 3435 seu
725 3371 949 3455 succus
979 3374 1236 3434 nirveus
1285 3386 1457 3437 tanta
1503 3369 1822 3435 facilitate
1869 3372 1930 3437 ὅ(
1962 3389 2419 3437 momentanea
2459 3371 2605 3438 fere
2650 3376 2827 3440 cele·

227 3457 425 3520 ritate
467 3455 675 3518 motus
704 3454 897 3516 cordis
942 3453 1174 3516 alterat
1206 3499 1226 3532 ,
1286 3472 1424 3518 non
1467 3454 1590 3516 erit
1619 3450 1890 3517 difficile
1921 3500 1940 3532 ,
2005 3453 2204 3517 immo
2234 3453 2425 3518 valde
2473 3455 2832 3536 credibile,

226 3553 308 3600 ut
352 3537 521 3600 idem
548 3533 818 3616 spiritus
851 3579 870 3612 ,
916 3531 1027 3597 seu
1063 3533 1594 3616 succus-nervom
1622 3581 1642 3613 ‚
1702 3533 2031 3600 contracta
2061 3535 2415 3617 intemperie
2455 3539 2714 3602 mordaci
2763 3540 2846 3617 in,

206 3618 723 3710 febricitantibus
751 3618 1180 3701 ,agitationes
1228 3615 1370 3680 illas
1404 3613 1682 3700 insignes
1725 3619 1920 3681 cordis
1963 3616 2332 3680 vehementes
2362 3616 2423 3681 δε
2452 3620 2838 3685 inordinatas·

282 3712 463 3765 anat.
817 3730 827 3741 ·
1210 3730 1217 3737 ·

226 3717 277 3823 1?
314 3779 515 3869 Quod
558 3775 788 3863 postea
841 3797 926 3851 ex
963 3778 1295 3872 pulsatione
1337 3779 1670 3844 vehementi
1714 3779 1778 3845 Gt
1823 3783 2119 3844 concitata
2160 3777 2412 3862 musculi
2450 3784 2646 3845 cordis
2683 3782 2844 3865 san·⁸

278 3863 376 3923 uis
406 3905 426 3938 ,
470 3878 602 3943 quo
636 3860 1011 3924 continetur
1055 3879 1119 3924 m
1153 3861 1443 3945 qualibet
1487 3860 1714 3944 pausa,
1758 3863 1818 3926 ὅ(
1848 3862 2067 3943 quiete
2106 3860 2243 3943 ejus
2289 3861 2581 3943 repletur
2611 3910 2632 3942 ,
2680 3865 2844 3927 effu·

222 3878 337 4010 ils
366 3939 587 4013 avena
621 3950 777 4006 cava
820 3941 1080 4032 impelli
1116 3942 1282 4011 intra
1324 3946 1584 4009 arterias
1619 3941 1816 4027 usque
1846 3943 1928 4008 ad
1974 3959 2295 4009 extremas
2344 3942 2480 4025 ejus
2528 3945 2845 4027 copinam

1394 4023 1834 4110 -‘(1,1)3
2147 4054 2154 4061 ·
2251 4056 2256 4059 ·
2645 4036 2844 4090 extre-

250 4054 267 4075 f

241 4107 307 4150 ·...
