3419 4538
1047 105 2016 180 FEBR1L1s.
2718 113 2850 184 aaa

318 257 514 327 Licet
540 256 742 344 igitur
748 254 1015 345 sanguis
1049 260 1344 324 alteratus
1373 275 1510 323 non
1542 255 1619 323 fit
1645 256 1823 343 causa
1858 259 2063 342 prima
2109 255 2172 323 ἂ
2213 255 2558 322 immediata
2576 253 2838 402 cfebris,

234 361 371 410 non
402 357 622 407 tamen
661 353 828 423 puto
872 339 1119 406 nullam
1153 358 1391 405 noxam
1425 338 1709 419 affer103
1752 334 1971 423 potest
2005 338 2181 403 enim
2205 340 2432 406 multis
2462 355 2570 404 mo
2620 337 2674 401 is
2709 337 2844 416 ani?

226 424 428 494 malis
462 421 905 487 oeconomiam
937 421 1362 505 perturbare3
1408 421 1472 487 δι
1501 423 1655 487 ideo
1670 422 1969 487 reductio
1999 419 2081 483 ad
2111 420 2352 488 bonam
2386 419 2837 486 habitudinem

240 505 304 571 ἂ
331 503 723 586 temperiem
769 507 1139 568 curationem
1175 501 1369 570 valde
1403 520 1802 585 promovere
1841 498 2079 586 potest.

316 584 688 669 Aliquando
745 582 1197 667 phlebotomia
1255 584 1431 649 utilis
1488 584 1619 650 effe
1677 584 1931 668 potest,
1973 588 2157 668 quia,
2199 583 2477 649 alterato
2523 579 2843 648 consueto

217 667 551 754 sanguinis
578 678 785 745 motu,·
823 666 1182 750 contingit,
1226 681 1300 731 ut
1333 666 1399 731 in
1430 670 1731 732 cerebrum
1777 668 1840 734 ἀ
1883 684 2099 732 nervos
2142 681 2355 731 novus
2393 677 2586 731 motus
2634 665 2838 730 intro-

235 750 557 827 ducatur;
599 746 663 813 &
692 746 847 818 ideo
859 747 1312 830 fermentativa
1341 746 1688 831 &morbosa
1731 752 1989 835 agitatio
2020 747 2423 831 perturbari,
2467 747 2529 813 ἀ
2576 748 2645 812 in
2705 763 2842 811 me·

223 830 364 900 flius
413 829 802 894 commutari
835 827 1074 912 potest.
1168 827 1325 894 Hoc
1372 829 1633 913 quidem
1680 829 2051 895 confirmari
2108 827 2328 915 potest
2372 847 2460 894 ex
2501 846 2624 906 eo,
2669 825 2850 912 quod

234 909 581 978 multoties
621 910 1050 995 beemorrbagia
1076 908 1309 978 fistitur
1335 929 1456 994 per
1482 910 1842 977 edufflonem
1855 913 2188 997 sanguinis
2217 910 2278 976 ‘e
2310 907 2667 993 venasec'ta.
2755 908 2851 973 Si·

241 993 489 1142 ffiilitcr
518 987 681 1076 tuffis
710 988 1063 1075 asthmatica
1076 992 1497 1076 suffocati-va,
1542 993 1652 1059 vel
1683 990 1952 1078 epilepsia
1991 1011 2114 1078 per
2155 990 2679 1079 phlebotomiam
2714 1006 2851 1055 me-

312 1091 517 1139 catur.
1140 1113 1143 1122 .

226 1201 231 1206 -
321 1153 653 1222 Alteratio
690 1172 856 1221 vero
885 1167 1114 1236 motus,
1162 1155 1267 1242 qui
1300 1155 1686 1245 insanguine
1715 1157 1805 1223 ob
1838 1155 2366 1240 phlebotomiam
2418 1151 2561 1220 fieri
2596 1150 2856 1238 potest,

250 1235 346 1303 est
378 1237 725 1302 acceleratio
757 1253 951 1302 motus
983 1238 1119 1320 ejus
1148 1241 1213 1305 in
1244 1243 1493 1304 arteriis
1512 1286 1531 1319 ,
1551 1239 1962 1305 &retardatio
1992 1235 2276 1320 ejusdem
2310 1239 2377 1302 in
2404 1238 2601 1302 venis.
2650 1234 2850 1324 Quia,

244 1319 402 1385 dum
429 1318 694 1404 sanguis
724 1319 1058 1404 egreditur
1082 1319 1122 1385 e
1166 1341 1323 1385 vena
1350 1320 1579 1405 secia,
1605 1340 1741 1387 non
1786 1320 2139 1405 impeditur
2200 1322 2498 1385 adventus
2525 1318 2590 1385 δι
2631 1336 2853 1384 excur-

227 1401 344 1488 sus
356 1401 692 1488 sanguinis
728 1399 797 1465 iu
827 1405 1062 1468 arteria
1112 1402 1426 1487 contigua
1447 1448 1470 1483 ‚
1513 1403 1576 1469 ὅ(
1638 1401 1794 1469 ideo
1839 1403 2120 1469 celerius
2164 1417 2518 1467 excurrere
2561 1398 2848 1485 poterit:

250 1500 336 1548 eo
363 1481 543 1566 quod
571 1494 762 1548 antea
791 1479 1062 1566 ipsamet
1104 1485 1337 1567 copia,
1387 1502 1509 1568 per
1561 1486 1719 1552 vias·
1745 1483 2100 1550 obstructas
2148 1486 2320 1549 tardo
2368 1491 2544 1549 motu
2570 1482 2851 1566 migran-

250 1565 341 1630 do
367 1610 394 1645 ‚
453 1562 857 1649 impediebat
902 1560 1293 1650 vetabatque
1338 1570 1573 1631 exitum
1630 1566 2005 1632 advenienti
2034 1564 2355 1651 sanguini.
2445 1564 2500 1631 E
2558 1580 2792 1631 contra
2822 1612 2848 1646 ,

252 1659 404 1711 toto
448 1659 789 1730 tempore,
834 1664 967 1731 quo
999 1647 1267 1731 sanguis
1309 1647 1520 1715 effluit
1560 1650 1640 1714 ab
1687 1643 1885 1714 incisa
1926 1667 2085 1713 vena
2128 1647 2166 1712 a
2211 1648 2461 1712 maluere
2503 1646 2585 1711 ad
2626 1647 2847 1730 proxi-

252 1745 433 1794 mum
477 1739 761 1792 truncum
823 1747 986 1793 cavae
1086 1748 1220 1793 non
1274 1724 1780 1796 subministratur
1804 1730 2107 1815 sanguis;
2163 1728 2227 1795 δι
2269 1729 2422 1795 ideo
2473 1728 2713 1794 nedum
2757 1727 2847 1795 ob

251 1810 509 1894 copiam
538 1808 916 1875 diminutam
936 1857 956 1890 ,
976 1774 1086 1875 sed
1120 1811 1314 1877 etiam
1332 1858 1353 1891 ,
1372 1813 1520 1896 quia
1545 1830 1679 1879 non
1712 1826 2015 1897 urgetur,
2047 1826 2121 1876 ut
2149 1810 2327 1893 prius
2345 1859 2367 1889 ,
2396 1812 2684 1895 reliquus
2697 1810 2852 1896 san-

226 1896 391 1979 guis
420 1911 581 1956 cavae
610 1891 852 1957 tardius
881 1891 944 1957 ὅ(
976 1891 1211 1958 minori
1246 1893 1497 1979 impetu
1530 1894 1611 1959 ab
1642 1899 1835 1959 cordis
1863 1897 2145 1959 dextrum
2170 1894 2580 1958 ventriculum
2615 1893 2848 1976 perdu-

254 1987 462 2038 cetur.
550 1972 655 2039 Ex
688 1970 848 2055 hac,
893 1974 1152 2072 inquam
1184 1975 1573 2041 alteratione
1604 1989 1799 2041 motus
1821 1975 2157 2061 sanguinis
2191 1972 2498 2059 co‘nsequi
2530 1973 2747 2060 potest
2782 1975 2852 2041 in

257 2049 400 2151 ipso
427 2057 698 2135 cerebro,
737 2054 800 2120 ὅ(
828 2075 1039 2122 nervis
1068 2057 1279 2155 aliqua
1328 2056 1704 2140 perurbatio
1736 2104 1757 2136 ,
1820 2075 1970 2121 cum
2013 2056 2052 2123 a
2093 2056 2380 2140 qualibet
2425 2056 2690 2121 nimima
2732 2077 2852 2120 mo-

261 2135 846 2232 tiunculaspiritus,
886 2135 1181 2223 seusu-cci
1212 2142 1420 2205 nervei
1448 2137 1616 2205 affici
1652 2133 2023 2205 &vellicari
2051 2137 2332 2222 poflsnt,
2376 2136 2638 2204 &novo
2672 2138 2852 2222 ryht-

262 2234 376 2284 mo
417 2235 816 2285 commoveri
866 2234 1124 2305 queant.

336 2298 541 2365 Porro
580 2301 887 2387 praedista
918 2305 1299 2386 perturbatio
1341 2315 1535 2371 motus
1573 2303 1951 2390 spirituum,
1994 2320 2128 2368 non
2176 2300 2269 2369 est
2309 2299 2566 2367 necesse
2650 2315 2724 2366 ut
2778 2303 2850 2372 in
2960 2310 2986 2324 ⁸

256 2385 567 2447 motionem
619 2387 960 2449 ordinatam
1058 2388 1332 2451 naturali
1374 2388 1437 2453 ὅ(
1462 2387 1793 2473 salutifero
1819 2381 2022 2469 statui
2062 2381 2515 2464 conformem,
2560 2348 2848 2466 defluat,

256 2480 408 2529 cum
455 2466 793 2531 multoties
835 2432 1030 2549 possit
1058 2469 1124 2532 in
1169 2469 1454 2534 deterius
1484 2469 1916 2549 commutari3
1956 2466 2019 2532 ὅ(
2043 2465 2130 2532 fic
2158 2466 2506 2552 aliquando
2515 2464 2851 2552 sanguinis

257 2549 340 2610 sni
401 2568 431 2610 o
462 2548 630 2612 adeo
672 2548 865 2612 noxia
897 2546 1027 2614 esse
1060 2548 1314 2633 potest,
1359 2566 1432 2616 ut
1472 2572 1666 2617 necem
1706 2549 1957 2617 afferat.

414 2647 503 2694 on
553 2626 739 2693 secus
778 2630 1254 2698 medicamenta
1311 2635 1652 2717 purgantia
1684 2651 1807 2715 per
1848 2633 2056 2698 alvum
2086 2631 2149 2698 ὅ(
2175 2646 2297 2715 per
2328 2630 2660 2710 vomitum,
2702 2623 2852 2713 pos·

259 2704 405 2774 sunt
434 2711 779 2793 aliquando
802 2711 1070 2794 juvare,
1117 2712 1462 2798 aliquando
1493 2714 1773 2780 nocere:
1832 2727 2118 2779 attamen
2154 2730 2237 2777 ex
2272 2712 2664 2776 virationum
2708 2712 2853 2776 vul·

258 2791 432 2937 faris
460 2788 700 2856 scholae
732 2808 914 2858 certe
946 2812 1267 2879 nunquam
1304 2796 1655 2879 juvabunt,
1679 2794 1826 2880 quia
1861 2797 2129 2861 humores
2163 2791 2483 2877 copiosi&
2502 2793 2687 2878 pravi
2719 2809 2856 2859 non

296 2888 411 2936 unt
440 2872 619 2968 causa
631 2874 942 2957 febrium,
988 2870 1100 2940 sed
1142 2878 1363 2960 potius
1411 2879 1721 2963 exiguum
1738 2879 2112 2961 fermentum
2145 2877 2207 2941 in
2241 2878 2449 2941 nervis
2478 2875 2517 2941 ὲ
2539 2875 2854 2969 glandulis

260 2958 839 3022 communicatum.
871 2982 903 2999 ·»
931 2956 1093 3022 Hoc
1122 2975 1340 3025 autem
1374 2977 1508 3025 non
1556 2960 1797 3040 video,
1843 2958 2193 3044 quomodo,
2229 2956 2598 3023 catharticis
2644 2974 2859 3022 reme·

258 3036 384 3101 diis
427 3038 695 3102 excerni
727 3038 957 3184 poili?
1000 3040 1150 3123 quia
1187 3050 1458 3124 putare,
1503 3042 1682 3125 quod
1714 3042 2135 3127 pharmacum
2164 3043 2236 3105 vi
2283 3040 2557 3125 quadam
2608 3037 2862 3105 electiva

242 3116 327 3183 ·&
381 3118 720 3184 attraiiiva
799 3139 883 3185 ve
915 3121 1005 3186 uti
1053 3123 1417 3207 magnetica
1460 3141 1549 3187 ex
1588 3120 1860 3190 confusa
1899 3121 2094 3189 masta
2158 3123 2465 3187 humorum
2526 3117 2863 3201 secernat,

258 3199 535 3283 colligat
578 3201 639 3266 ἀ
671 3166 1186 3287 affportetsuccos
1216 3204 1467 3288 aliquos
1487 3217 1753 3288 pravos,
1801 3204 2042 3279 relictis
2088 3203 2228 3270 aliis
2286 3202 2594 3267 omnibus
2661 3202 2859 3266 aluta·

262 3281 434 3343 ribus
465 3328 487 3362 ,
549 3282 809 3348 videtur
863 3279 1175 3351 somnino
1222 3283 1446 3352 (imile.
1531 3285 1760 3352 Potius
1801 3280 2153 3351 dicendum
2186 3332 2208 3365 ,
2281 3283 2461 3369 quod
2505 3296 2610 3346 cat
2659 3282 2864 3347 artica

258 3364 540 3427 acredine
567 3362 631 3428 δι
656 3360 922 3446 venefica
962 3368 1072 3446 vi,
1115 3385 1239 3452 qua
1329 3367 1574 3448 ollent‚
1621 3382 1821 3453 agunt
1861 3365 2290 3433 mordicando
2333 3366 2703 3429 membranas
2733 3357 2865 3447 sto-

257 3443 459 3506 machi
486 3444 700 3511 &inte
755 3449 989 3511 inorum
1018 3494 1040 3527 ,
1085 3467 1263 3534 quae·
1297 3467 1337 3514 e
1367 3449 1824 3516 contrahendo
1874 3449 2248 3532 exprimunt
2272 3447 2484 3534 succos
2511 3492 2534 3527 ,
2597 3446 2661 3510 in
2700 3439 2864 3539 vafis

240 3527 621 3589 excretos-iis
641 3546 687 3612 g
750 3529 1098 3611 ndularem,
1146 3545 1342 3614 atque
1383 3531 1448 3596 in
1489 3529 1647 3612 vasis
1677 3530 2042 3618 sanguineis
2065 3543 2459 3607 contentos,
2501 3524 2739 3611 eosque
2769 3545 2864 3592 ¹¹¹⁶

261 3618 365 3698 tra
388 3608 523 3670 inte
576 3610 815 3673 inorum
850 3615 1175 3677 cavitatem
1204 3612 1589 3679 effundunt:
1638 3614 1878 3679 eodem
1973 3612 2409 3709 ropemodum
2443 3609 2687 3687 modo,
2732 3625 2866 3692 quo

236 3702 454 3831 affiget
600 3690 914 3783 quaelibet
953 3691 1104 3757 salia
1134 3691 1506 3773 corrosiva,
1553 3695 1771 3781 lingua·
1817 3694 1879 3760 &
1940 3697 2188 3759 oucibus
2233 3692 2596 3771 obvoluta,
2640 3690 2868 3783 copio-

361 3786 555 3835 nnam
581 3772 853 3854 salivam
897 3790 1281 3841 excernunt.
1372 3772 1554 3842 Hinc
1602 3773 1851 3842 inferre
1912 3774 2070 3840 licet
2105 3822 2126 3854 ,
2187 3774 2364 3860 quod
2423 3772 2490 3837 in
2545 3767 2873 3855 praedffitis

244 3853 725 3935 purgationibus
760 3854 1184 3940 expelluntur
1208 3858 1478 3926 humores
1505 3875 1738 3924 omnes
1822 3857 1886 3922 in
1906 3856 2230 3942 praediffls
2269 3852 2430 3938 vasts
2475 3851 2827 3920 existentes
2847 3895 2873 3928 ,

485 3930 652 4001 Pars
695 3933 786 4003 ΙΙ.
1651 3940 1687 4025 (
1713 3904 1879 4023 όο)
2674 3955 2683 3965 ·
2740 3929 2874 3998 five
