3419 4538
580 214 669 284 24
1057 186 1253 257 cn.
1299 182 1396 255 11.
1442 178 1761 254 cAUSAE
1800 176 2017 255 NON-
2050 176 2325 251 VERAE
2365 173 2697 277 Moy-ns

578 354 857 437 guntur,
898 340 962 408 &
986 352 1381 426 propterea,
1428 336 1701 403 durante
1737 331 2260 418 constipatione,
2289 327 2553 416 sanguis
2626 345 2701 394 er
2729 343 2846 394 eos
2861 339 3193 394 excurre·

582 448 658 495 re
686 445 819 492 non
849 422 1130 508 poterit:
1176 418 1351 505 quod
1381 417 1477 483 est
1508 414 1741 484 falsum
1760 463 1782 498 ,
1831 426 2338 496 cumnunquam
2371 411 2571 495 copio
2623 429 2696 474 us
2727 409 2791 476 ὅ(
2820 407 3197 477 vehemen-

589 511 717 575 tius
746 501 1334 589 circuletsanguis,
1375 518 1565 584 quam
1597 499 1753 563 dum
1780 496 2033 581 musculi
2066 492 2309 559 assiduo
2342 508 2525 557 motu
2544 505 2955 556 exercentur.
3173 547 3177 551 .

573 622 580 637 ·
673 586 973 654 Tandem
1010 584 1138 648 hoc
1169 581 1487 647 evincitur
1516 598 1600 646 ex
1630 598 1757 660 eo,
1850 577 1982 642 uod
2011 574 2259 720 mtffsculi
2280 587 2482 666 agunt
2514 568 2578 636 se
2594 569 3052 637 contrahendo
3070 587 3204 635 πει

597 670 754 738 dum
796 686 882 733 eo
929 679 1270 749 tempore,
1315 680 1449 746 quo
1474 661 1736 755 sanguis
1783 678 1818 724 a
1908 660 2159 723 arteris
2204 656 2268 719 in
2303 673 2395 719 eis
2427 650 2935 732 transfunditur,
2980 647 3104 715 sed
3140 668 3214 716 e-

599 752 795 831 tiam,
839 746 1101 833 quando
1132 743 1275 809 sunt
1302 741 1604 809 fitibund1
1623 788 1647 822 ,
1692 741 1755 807 &
1786 737 2013 805 deficit
2046 737 2176 803 tale
2207 733 2536 827 effluxsium
2556 752 2744 814 ,nem
2800 728 3220 817 epostquam

600 835 838 899 arteriae
866 823 1121 895 resectae
1151 822 1334 905 sunt3
1379 823 1581 893 immo
1614 821 1911 906 musculus
1942 821 2137 884 cordis
2168 816 2506 882 testudinis
2535 813 2707 879 absci
2762 833 2870 895 υς,
2914 813 2977 879 δι
3027 830 3214 905 aqua
3255 877 3260 881 ,

604 913 884 992 dilutuS,
976 927 1047 974 er
1077 907 1236 972 duas
1266 905 1377 969 vel
1412 919 1542 969 tres
1573 903 1761 969 horas
1792 915 2139 979 movetur,
2185 893 2500 982 pulsando
2542 890 2781 988 absque
2824 909 3012 979 gutta
3045 901 3211 986 jarg-

647 996 830 1059 uinis.
918 928 1143 1081 Quare
1170 984 1419 1071 musculi
1448 1003 1582 1049 non
1611 997 2002 1062 moventur,
2050 981 2197 1065 quia
2228 990 2491 1062 turgent
2521 976 2583 1042 δι
2615 974 2920 1042 inflantur
2950 974 2989 1041 a
3007 992 3221 1058 copta

586 1014 960 1162 Janguinis,
1011 1088 1138 1155 qua
1163 1080 1430 1148 carent,
1468 1062 1579 1139 sed
1607 1064 1698 1131 ob
1727 1063 1918 1129 aliam
1946 1063 2144 1147 longe
2177 1059 2491 1125 diversam
2521 1053 2793 1123 causam.

1166 1276 2223 1369 PROP081T10
2341 1266 2663 1407 XIX.'

619 1505 981 1602 Musculi
1018 1504 1379 1597 contrahi
1406 1499 1643 1596 vitali
1673 1505 1923 1621 motu
1970 1529 2116 1591 non
2148 1497 2453 1616 poffunt
2492 1501 2545 1585 ὰ
2584 1493 2985 1612 sanguine
3008 1555 3043 1609 ,
3098 1502 3228 1589 im-

1366 1616 1580 1735 pugfh
1611 1619 1664 1705 ὰ
1692 1618 1787 1706 vi
1821 1616 2153 1708 motiva
2186 1610 2489 1702 cordiS.

699 1841 830 1910 'Cor
858 1836 985 1908 ess'e
1016 1839 1223 1909 veluti
1300 1840 1534 1909 rimum
1563 1840 1816 1910 mobile
1844 1837 2198 1928 systematis
2233 1838 2522 1907 animalis
2551 1834 2734 1907 sensu
2765 1838 3033 1907 constat
3060 1837 3216 1921 &31-

630 1923 768 1992 deo
797 1924 990 1989 venia
1032 1923 1212 2007 digni
1245 1925 1258 1937 '
1290 1924 1335 1988 li
1363 1919 1548 2006 sunt,
1590 1925 1700 2009 qui
1732 1924 2009 2008 reliquas
2039 1922 2327 1988 animalis
2355 1921 2683 1988 motiones
2714 1920 2750 1988 a
2782 1924 2954 1988 corde
2988 1922 3230 2008 pende·

634 2024 708 2072 re
742 2001 1155 2071 censuerunt.
1241 2002 1558 2071 Videmus
1588 2006 1802 2086 enim,
1848 2007 1914 2071 id
1945 2001 2268 2071 indefesso
2294 2017 2484 2069 motu
2503 2001 2782 2088 pulsare,
2823 2003 2887 2069 ἂ
2916 2022 3029 2070 ma
3113 1997 3229 2067 avi

622 2085 992 2234 {anguinem
1020 2083 1363 2152 effundere
1396 2105 1517 2171 per
1542 2090 1807 2153 arterias
1839 2086 1923 2152 ad
1953 2103 2184 2152 omnes
2212 2099 2434 2169 partes
2466 2084 2778 2157 animalis.
2825 2082 3046 2150 Hoca
3076 2079 3225 2167 'qui-

530 2235 538 2241 ,
688 2186 766 2232 us
795 2166 1084 2251 ingeflit‚
1129 2163 1312 2233 suafit
1357 2185 1481 2249 ue,
1523 2168 1563 2233 a
1589 2171 1662 2232 vi
1689 2171 1919 2233 motiva
1947 2169 2142 2232 cordis
2169 2165 2351 2250 posse
2379 2164 2666 2259 ngsculos
2714 2164 3062 2245 contrahi,
3103 2176 3230 2228 me·

642 2249 868 2317 diante
903 2248 1122 2314 veloci
1151 2185 1536 2343 jmmflssone
1560 2250 1628 2316 ὅτ,
1651 2247 2084 2316 infinuatione
2095 2247 2427 2333 sanguinis
2455 2260 2625 2312 intra
2645 2242 2999 2331 porofitates
3016 2243 3232 2327 muscu-

642 2330 873 2412 lorum,
916 2330 955 2396 ὲ
983 2349 1117 2415 quo
1147 2329 1451 2398 inflantur
1480 2344 1811 2417 tamquam
1829 2330 1876 2396 ,ὲ
1911 2331 2154 2397 cuneis,
2236 2328 2365 2395 Alii
2400 2346 2563 2393 vero
2590 2342 2947 2413 putarunt,
2993 2340 3235 2393 cornon

519 2447 530 2452 ·
648 2409 779 2479 effe
827 2411 1066 2478 totalem
1104 2411 1167 2479 ἀ
1189 2413 1620 2496 principalem,
1662 2411 1777 2478 sed
1820 2413 2211 2498 adjuvantem
2237 2407 2477 2504 causan
2509 2408 2933 2475 contractionis
2959 2403 3234 2492 mistizla-

648 2514 806 2562 rum.
889 2490 1040 2559 Nos
1070 2512 1235 2559 vero
1266 2493 1376 2560 has
1405 2493 1627 2562 ambas
1653 2488 2002 2560 sententias
2029 2491 2219 2560 falsas
2249 2492 2313 2557 δε
2340 2490 2755 2585 impoffibiles
2802 2489 3232 2578 ostendemus..

732 2573 847 2642 Est
874 2575 1111 2670 procul
1143 2573 1347 2641 dubio
1377 2593 1476 2640 cor
1506 2594 1673 2642 unus
1702 2592 1789 2640 ex
1828 2573 2111 2660 mustulis
2200 2571 2495 2656 raecipuls
2538 2571 2863 2638 animalis:
2907 2584 3236 2655 componi·

653 2671 764 2725 tur
793 2673 970 2723 emm
1004 2674 1087 2721 ex
1231 2658 1287 2721 is
1295 2655 1622 2741 spiraliter
1651 2657 1989 2737 involutis,
2036 2666 2094 2720 te
2178 2651 2351 2733 inosti·
2379 2654 2441 2719 dt
2486 2657 2757 2733 carneis,
2803 2649 3087 2739 ejusdem
3129 2665 3238 2713 na·

657 2752 819 2803 turae
837 2783 859 2818 ,
906 2734 1081 2802 confi
1143 2737 1338 2802 entiae
1365 2736 1430 2803 &
1454 2735 1823 2820 structurae,
1858 2755 1935 2803 ac
1950 2735 2121 2820 fibrae
2149 2748 2544 2801 caeterorum
2558 2733 2952 2820 musculorum
2967 2732 3233 2823 habent,

659 2836 846 2903 quae,
890 2835 1022 2884 non
1054 2814 1240 2883 secus
1271 2836 1350 2884 ac
1378 2817 1544 2900 illae,
1587 2818 1897 2885 videntur
1927 2817 2181 2899 inflari,-
2219 2814 2504 2883 indurari
2529 2816 2593 2883 ὅ(
2615 2816 2941 2883 contrahi.
2987 2814 3071 2880 Et
3094 2826 3236 2894 quia.

658 2899 955 2982 Natura,
1001 2917 1129 2966 nec
1158 2899 1644 2985 multiplicitate
1675 2899 2007 2966 causarum
2024 2898 2098 2964 ἀ
2127 2916 2171 2963 o
2249 2914 2518 2963 anorum
2602 2915 2729 2964 nec
2749 2890 3237 2983 varietate-dele-

665 2982 915 3063 statur,
959 2980 1311 3047 dicendum
1354 2976 1452 3046 est
1465 3028 1488 3063 ‚
1531 3000 1631 3046 cor
1661 2984 1909 3047 eodem
1943 2980 2146 3046 modo
2297 2977 2380 3045 ab
2422 2943 2665 3046 eisdem
2709 2977 2905 3046 caulis
2940 2972 3136 3042 inflari
3172 2966 3240 3037 ἀ
3288 3003 3297 3018 κ

657 3062 969 3132 ,contrahi
985 3108 1008 3144 ,
1055 3061 1094 3128 ὲ
1168 3063 1357 3128 uibus
1386 3061 1611 3128 caeteri
1638 3062 1890 3147 musculi
1916 3076 2287 3129 moventur.

749 3145 818 3210 Si
846 3146 867 3209 i
916 3144 1047 3210 itur
1073 3162 1117 3210 o
1178 3143 1585 3224 enderimus,
1633 3145 2036 3240 quodem-dis
2062 3143 2364 3228 musculus
2385 3142 2572 3208 -tendi
2601 3141 2664 3208 ὅ(
2691 3139 2941 3226 pulsare
2967 3152 3089 3205 non
3114 3149 3235 3219 po·

669 3221 799 3292 test
839 3242 883 3289 o
972 3222 1421 3309 impulsionem
1447 3222 1819 3319 sangui-nis,
1864 3226 1931 3291 in
1973 3244 2058 3290 eo
2091 3222 2378 3303 immisti,
2421 3221 2617 3306 plan'e
2647 3222 3143 3289 demonstratum
3170 3231 3234 3279 o·

664 3305 1136 3453 .rit,smusculos·
1158 3304 1240 3373 ab
1272 3304 1506 3373 eadem
1532 3325 1603 3373 vi
1629 3306 1880 3374 motiva
1911 3324 2048 3373 non
2076 3304 2321 3384 inflari,
2365 3300 2475 3368 sed
2505 3304 2588 3370 ab
2620 3305 2743 3371 alia
2775 3305 2975 3391 longe
3004 3289 3237 3368 diversa

661 3407 792 3457 cau
820 3407 858 3454 a
884 3405 1162 3454 moven.
3204 3407 3214 3421 ⁴

757 3463 947 3536 Patet
987 3488 1071 3534 ex
1117 3481 1420 3536 anatome
1438 3517 1460 3554 ,
1504 3487 1604 3538 cor
1647 3469 1805 3536 duas
1846 3470 2109 3535 arteria&
2148 3470 2491 3535 coronarias
2528 3467 2770 3535 habere
2801 3465 3232 3554 adsanguinem

664 3549 1155 3617 immittendum
1183 3551 1349 3618 intra
1378 3553 1517 3635 ejus
1545 3552 1749 3617 molem
1775 3548 2195 3696 muse-algam,
2240 3566 2383 3631 quae
2426 3551 2726 3618 oriuntur
2770 3551 2852 3617 ab
2899 3561 3098 3627 aorta,
3141 3557 3231 3607 ³11·-

662 3645 934 3714 tequam
966 3627 1159 3709 esinu
1172 3634 1503 3715 pericardii
1531 3651 1570 3699 e
1648 3631 1936 3698 ediatur:
2076 3628 2175 3694 hae
2204 3627 2755 3717 habent-proprias
2770 3632 3229 3711 valvulas,pr⁰·

663 3711 979 3778 hibentes
988 3711 1322 3810 sanguinis
1351 3732 1539 3799 tegre
1589 3733 1698 3779 um
1711 3761 1736 3808 2
1778 3714 1843 3778 &
1870 3713 1936 3778 in
1966 3709 2099 3796 ipsa
2125 3730 2342 3777 carnea
2369 3717 2566 3779 cordis
2595 3715 2738 3780 mole
2788 3718 3046 3801 anguis,
3088 3700 3222 3796 effi?

672 3785 775 3857 sus
804 3789 885 3856 ab
914 3798 1204 3874 arteriis,
1252 3792 1477 3878 postea
1506 3792 1836 3879 exsugitur
1865 3792 1902 3860 a
1928 3797 2103 3859 venis
2135 3798 2464 3859 coronarii:
2543 3796 2604 3862 &
2639 3795 2703 3859 in
2769 3808 3013 3861 extrum
3026 3796 3223 3857 ventri*-

656 3873 873 3943 Μανῆ
905 3873 1074 3942 illius
1100 3873 1399 3941 defertur
1429 3875 1741 3960 peculiari
1770 3875 2196 3957 circulatione,
2239 3889 2314 3940 ut
2340 3876 2431 3940 ait
2548 3894 2832 3942 Anveus.
3200 3953 3206 3959 ,

743 3951 844 4026 Et
885 3955 1035 4043 quia
1081 3959 1186 4027 vis
1229 3957 1882 4040 meivaimmediata,
1919 3956 1967 4026 a
2006 3974 2132 4042 qua
2166 3955 2433 4047 sanguis
2459 3974 2582 4045 per
2611 3961 2875 4028 arterias
2900 3946 3242 4099 omneside·
