<?xml version="1.0" encoding="UTF-8"?>
<!DOCTYPE html PUBLIC "-//W3C//DTD XHTML 1.0 Transitional//EN"
    "http://www.w3.org/TR/xhtml1/DTD/xhtml1-transitional.dtd">
<html xmlns="http://www.w3.org/1999/xhtml" xml:lang="en" lang="en">
 <head>
  <title>
</title>
<meta http-equiv="Content-Type" content="text/html;charset=utf-8" />
  <meta name='ocr-system' content='tesseract 3.04.00' />
  <meta name='ocr-capabilities' content='ocr_page ocr_carea ocr_par ocr_line ocrx_word'/>
</head>
<body>
  <div class='ocr_page' id='page_1' title='image "./demotuanimalium00jesugoog_0529.png"; bbox 0 0 3419 4538; ppageno 0'>
   <div class='ocr_carea' id='block_1_1' title="bbox 1096 106 2885 179">
    <p class='ocr_par' dir='ltr' id='par_1_1' title="bbox 1096 106 2885 179">
     <span class='ocr_line' id='line_1_1' title="bbox 1096 106 2885 179; baseline -0.002 0"><span class='ocrx_word' id='word_1_1' title='bbox 1096 106 2068 179; x_wconf 76' lang='lat' dir='ltr'><strong>FEBRILI‘S.</strong></span> <span class='ocrx_word' id='word_1_2' title='bbox 2762 115 2885 176; x_wconf 59' lang='grc' dir='ltr'>κω</span> 
     </span>
    </p>
   </div>
   <div class='ocr_carea' id='block_1_2' title="bbox 212 254 2908 4006">
    <p class='ocr_par' dir='ltr' id='par_1_2' title="bbox 259 254 2883 1065">
     <span class='ocr_line' id='line_1_2' title="bbox 272 254 2883 352; baseline -0.005 -14"><span class='ocrx_word' id='word_1_3' title='bbox 272 261 406 339; x_wconf 71' lang='lat' dir='ltr'>abs</span> <span class='ocrx_word' id='word_1_4' title='bbox 433 281 519 332; x_wconf 86' lang='lat' dir='ltr'>ue</span> <span class='ocrx_word' id='word_1_5' title='bbox 556 263 694 330; x_wconf 85' lang='lat' dir='ltr'>ulla</span> <span class='ocrx_word' id='word_1_6' title='bbox 737 255 1196 352; x_wconf 72' lang='lat' dir='ltr'>intermistione,</span> <span class='ocrx_word' id='word_1_7' title='bbox 1237 259 1415 343; x_wconf 85' lang='lat' dir='ltr'>quod</span> <span class='ocrx_word' id='word_1_8' title='bbox 1464 256 1563 324; x_wconf 85' lang='lat' dir='ltr'>est</span> <span class='ocrx_word' id='word_1_9' title='bbox 1600 256 1851 326; x_wconf 75' lang='lat' dir='ltr'>falsum.</span> <span class='ocrx_word' id='word_1_10' title='bbox 1939 257 2143 342; x_wconf 83' lang='lat' dir='ltr'>Igitur</span> <span class='ocrx_word' id='word_1_11' title='bbox 2172 254 2545 342; x_wconf 71' lang='lat' dir='ltr'>hypothesis</span> <span class='ocrx_word' id='word_1_12' title='bbox 2574 256 2883 343; x_wconf 82' lang='lat' dir='ltr'>affumpta</span> 
     </span>
     <span class='ocr_line' id='line_1_3' title="bbox 351 352 927 416; baseline -0.021 0"><span class='ocrx_word' id='word_1_13' title='bbox 351 352 444 416; x_wconf 82' lang='lat' dir='ltr'>la</span> <span class='ocrx_word' id='word_1_14' title='bbox 514 365 603 412; x_wconf 92' lang='lat' dir='ltr'>uo</span> <span class='ocrx_word' id='word_1_15' title='bbox 650 361 733 408; x_wconf 92' lang='lat' dir='ltr'>ue</span> <span class='ocrx_word' id='word_1_16' title='bbox 772 359 927 407; x_wconf 71' lang='lat' dir='ltr'>erit.</span> 
     </span>
     <span class='ocr_line' id='line_1_4' title="bbox 274 352 2883 507; baseline -0.004 -10"><span class='ocrx_word' id='word_1_17' title='bbox 274 352 672 497; x_wconf 65' lang='lat' dir='ltr'>fasecqmdqo</span> <span class='ocrx_word' id='word_1_18' title='bbox 718 421 763 488; x_wconf 86' lang='lat' dir='ltr'>fi</span> <span class='ocrx_word' id='word_1_19' title='bbox 806 423 992 488; x_wconf 79' lang='lat' dir='ltr'>nulla</span> <span class='ocrx_word' id='word_1_20' title='bbox 1028 421 1151 486; x_wconf 86' lang='lat' dir='ltr'>alia</span> <span class='ocrx_word' id='word_1_21' title='bbox 1184 421 1268 485; x_wconf 84' lang='lat' dir='ltr'>de</span> <span class='ocrx_word' id='word_1_22' title='bbox 1304 421 1481 506; x_wconf 86' lang='lat' dir='ltr'>causa</span> <span class='ocrx_word' id='word_1_23' title='bbox 1526 424 1816 507; x_wconf 63' lang='lat' dir='ltr'>aegritudo</span> <span class='ocrx_word' id='word_1_24' title='bbox 1862 438 1989 487; x_wconf 75' lang='lat' dir='ltr'>tam</span> <span class='ocrx_word' id='word_1_25' title='bbox 2025 421 2402 506; x_wconf 82' lang='lat' dir='ltr'>perniciosa,</span> <span class='ocrx_word' id='word_1_26' title='bbox 2446 419 2652 506; x_wconf 86' lang='lat' dir='ltr'>qualis</span> <span class='ocrx_word' id='word_1_27' title='bbox 2679 422 2883 503; x_wconf 86' lang='lat' dir='ltr'>febris</span> 
     </span>
     <span class='ocr_line' id='line_1_5' title="bbox 277 501 2870 593; baseline -0.004 -15"><span class='ocrx_word' id='word_1_28' title='bbox 277 509 421 591; x_wconf 77' lang='lat' dir='ltr'>est,</span> <span class='ocrx_word' id='word_1_29' title='bbox 466 505 844 575; x_wconf 82' lang='lat' dir='ltr'>accenditur</span> <span class='ocrx_word' id='word_1_30' title='bbox 875 550 897 583; x_wconf 90' lang='lat'>,</span> <span class='ocrx_word' id='word_1_31' title='bbox 956 501 1072 569; x_wconf 85' lang='lat' dir='ltr'>nifi</span> <span class='ocrx_word' id='word_1_32' title='bbox 1115 503 1263 586; x_wconf 86' lang='lat' dir='ltr'>quia</span> <span class='ocrx_word' id='word_1_33' title='bbox 1287 502 1549 588; x_wconf 80' lang='lat' dir='ltr'>sanguis</span> <span class='ocrx_word' id='word_1_34' title='bbox 1581 549 1603 584; x_wconf 92' lang='lat'>,</span> <span class='ocrx_word' id='word_1_35' title='bbox 1659 505 2012 568; x_wconf 78' lang='lat' dir='ltr'><em>alteratione</em></span> <span class='ocrx_word' id='word_1_36' title='bbox 2041 503 2103 569; x_wconf 71' lang='lat' dir='ltr'>dt</span> <span class='ocrx_word' id='word_1_37' title='bbox 2131 508 2458 593; x_wconf 79' lang='lat' dir='ltr'><em>putredine</em></span> <span class='ocrx_word' id='word_1_38' title='bbox 2487 503 2815 567; x_wconf 60' lang='lat' dir='ltr'>contracta</span> <span class='ocrx_word' id='word_1_39' title='bbox 2845 549 2870 582; x_wconf 91' lang='lat'>,</span> 
     </span>
     <span class='ocr_line' id='line_1_6' title="bbox 276 580 2879 669; baseline -0.003 -11"><span class='ocrx_word' id='word_1_40' title='bbox 276 591 476 658; x_wconf 85' lang='lat' dir='ltr'>valde</span> <span class='ocrx_word' id='word_1_41' title='bbox 504 587 762 654; x_wconf 84' lang='lat' dir='ltr'>recedit</span> <span class='ocrx_word' id='word_1_42' title='bbox 803 584 847 651; x_wconf 73' lang='lat' dir='ltr'>a</span> <span class='ocrx_word' id='word_1_43' title='bbox 869 580 1048 668; x_wconf 76' lang='lat' dir='ltr'>statu</span> <span class='ocrx_word' id='word_1_44' title='bbox 1074 585 1211 665; x_wconf 87' lang='lat' dir='ltr'>ejus</span> <span class='ocrx_word' id='word_1_45' title='bbox 1239 585 1552 666; x_wconf 86' lang='lat' dir='ltr'>naturali,</span> <span class='ocrx_word' id='word_1_46' title='bbox 1596 585 1831 667; x_wconf 90' lang='lat' dir='ltr'>procul</span> <span class='ocrx_word' id='word_1_47' title='bbox 1862 584 2063 649; x_wconf 89' lang='lat' dir='ltr'>dubio</span> <span class='ocrx_word' id='word_1_48' title='bbox 2130 588 2351 669; x_wconf 78' lang='lat' dir='ltr'><em>anguis</em></span> <span class='ocrx_word' id='word_1_49' title='bbox 2377 587 2879 668; x_wconf 75' lang='lat' dir='ltr'>febricetantz&#39;um</span> 
     </span>
     <span class='ocr_line' id='line_1_7' title="bbox 268 663 2878 752; baseline -0.001 -18"><span class='ocrx_word' id='word_1_50' title='bbox 268 673 473 739; x_wconf 16' lang='lat' dir='ltr'>*valde</span> <span class='ocrx_word' id='word_1_51' title='bbox 513 667 816 735; x_wconf 85' lang='lat' dir='ltr'>differret</span> <span class='ocrx_word' id='word_1_52' title='bbox 856 666 893 732; x_wconf 76' lang='lat' dir='ltr'>a</span> <span class='ocrx_word' id='word_1_53' title='bbox 917 667 1223 752; x_wconf 84' lang='lat' dir='ltr'>sanguine</span> <span class='ocrx_word' id='word_1_54' title='bbox 1243 668 1587 749; x_wconf 80' lang='lat' dir='ltr'>sanorum,</span> <span class='ocrx_word' id='word_1_55' title='bbox 1622 663 1786 730; x_wconf 87' lang='lat' dir='ltr'>ficut</span> <span class='ocrx_word' id='word_1_56' title='bbox 1816 664 1927 730; x_wconf 88' lang='lat' dir='ltr'>infi</span> <span class='ocrx_word' id='word_1_57' title='bbox 1976 665 2040 730; x_wconf 90' lang='lat' dir='ltr'>ni</span> <span class='ocrx_word' id='word_1_58' title='bbox 2123 663 2443 732; x_wconf 85' lang='lat' dir='ltr'>&#39;fferentia</span> <span class='ocrx_word' id='word_1_59' title='bbox 2482 666 2878 750; x_wconf 85' lang='lat' dir='ltr'>vegetabilia</span> 
     </span>
     <span class='ocr_line' id='line_1_8' title="bbox 277 745 2881 840; baseline -0.003 -20"><span class='ocrx_word' id='word_1_60' title='bbox 277 754 353 820; x_wconf 69' lang='grc' dir='ltr'>ἃ,</span> <span class='ocrx_word' id='word_1_61' title='bbox 375 751 673 818; x_wconf 84' lang='lat' dir='ltr'>animalia</span> <span class='ocrx_word' id='word_1_62' title='bbox 700 747 960 833; x_wconf 85' lang='lat' dir='ltr'>putrida</span> <span class='ocrx_word' id='word_1_63' title='bbox 992 745 1042 811; x_wconf 60' lang='lat' dir='ltr'>a</span> <span class='ocrx_word' id='word_1_64' title='bbox 1087 765 1221 811; x_wconf 85' lang='lat' dir='ltr'>non</span> <span class='ocrx_word' id='word_1_65' title='bbox 1265 746 1540 830; x_wconf 82' lang='lat' dir='ltr'>putridis</span> <span class='ocrx_word' id='word_1_66' title='bbox 1582 745 1840 811; x_wconf 75' lang='lat' dir='ltr'>diver-so</span> <span class='ocrx_word' id='word_1_67' title='bbox 1879 767 1941 810; x_wconf 84' lang='lat' dir='ltr'>co</span> <span class='ocrx_word' id='word_1_68' title='bbox 1967 768 2064 811; x_wconf 89' lang='lat' dir='ltr'>ore</span> <span class='ocrx_word' id='word_1_69' title='bbox 2093 793 2126 824; x_wconf 63' lang='lat'><em>‚</em></span> <span class='ocrx_word' id='word_1_70' title='bbox 2162 751 2328 813; x_wconf 81' lang='lat' dir='ltr'>odore</span> <span class='ocrx_word' id='word_1_71' title='bbox 2357 795 2391 840; x_wconf 65' lang='lat'>2.</span> <span class='ocrx_word' id='word_1_72' title='bbox 2421 748 2660 830; x_wconf 82' lang='lat' dir='ltr'>sapore,</span> <span class='ocrx_word' id='word_1_73' title='bbox 2699 769 2803 813; x_wconf 83' lang='lat' dir='ltr'>con</span> <span class='ocrx_word' id='word_1_74' title='bbox 2829 769 2881 813; x_wconf 78' lang='lat'>2-</span> 
     </span>
     <span class='ocr_line' id='line_1_9' title="bbox 261 826 2880 919; baseline -0.002 -19"><span class='ocrx_word' id='word_1_75' title='bbox 261 831 498 919; x_wconf 78' lang='lat' dir='ltr'>Jtentia</span> <span class='ocrx_word' id='word_1_76' title='bbox 524 835 587 898; x_wconf 86' lang='lat'>&amp;</span> <span class='ocrx_word' id='word_1_77' title='bbox 625 831 1025 905; x_wconf 73' lang='lat' dir='ltr'>facultatibus</span> <span class='ocrx_word' id='word_1_78' title='bbox 1057 827 1283 892; x_wconf 70' lang='lat' dir='ltr'>aftivis</span> <span class='ocrx_word' id='word_1_79' title='bbox 1316 826 1559 893; x_wconf 51' lang='lat' dir='ltr'>distare,</span> <span class='ocrx_word' id='word_1_80' title='bbox 1592 828 1921 893; x_wconf 74' lang='lat' dir='ltr'>videntur.</span> <span class='ocrx_word' id='word_1_81' title='bbox 2012 829 2101 892; x_wconf 84' lang='lat' dir='ltr'>At</span> <span class='ocrx_word' id='word_1_82' title='bbox 2146 847 2278 893; x_wconf 67' lang='lat' dir='ltr'>nos⁴</span> <span class='ocrx_word' id='word_1_83' title='bbox 2311 830 2612 895; x_wconf 80' lang='lat' dir='ltr'>vldemus</span> <span class='ocrx_word' id='word_1_84' title='bbox 2630 876 2654 911; x_wconf 88' lang='lat'>,</span> <span class='ocrx_word' id='word_1_85' title='bbox 2744 830 2880 895; x_wconf 92' lang='lat' dir='ltr'>uod</span> 
     </span>
     <span class='ocr_line' id='line_1_10' title="bbox 259 905 2876 1065; baseline -0.002 -84"><span class='ocrx_word' id='word_1_86' title='bbox 259 916 348 1065; x_wconf 61' lang='grc' dir='ltr'>,ζα</span> <span class='ocrx_word' id='word_1_87' title='bbox 430 918 576 993; x_wconf 83' lang='lat' dir='ltr'>uis,</span> <span class='ocrx_word' id='word_1_88' title='bbox 612 930 732 996; x_wconf 86' lang='lat' dir='ltr'>per-</span> <span class='ocrx_word' id='word_1_89' title='bbox 757 911 1204 993; x_wconf 71' lang='lat' dir='ltr'>phlebotomiam</span> <span class='ocrx_word' id='word_1_90' title='bbox 1232 927 1317 973; x_wconf 84' lang='lat' dir='ltr'>ex</span> <span class='ocrx_word' id='word_1_91' title='bbox 1359 905 1523 973; x_wconf 84' lang='lat' dir='ltr'>sanis</span> <span class='ocrx_word' id='word_1_92' title='bbox 1558 909 1936 974; x_wconf 74' lang='lat' dir='ltr'>hominibus</span> <span class='ocrx_word' id='word_1_93' title='bbox 1961 908 2292 990; x_wconf 64' lang='lat' dir='ltr'>eductus,</span> <span class='ocrx_word' id='word_1_94' title='bbox 2330 910 2421 975; x_wconf 85' lang='lat' dir='ltr'>nil</span> <span class='ocrx_word' id='word_1_95' title='bbox 2467 908 2614 974; x_wconf 81' lang='lat' dir='ltr'>fere</span> <span class='ocrx_word' id='word_1_96' title='bbox 2649 911 2710 976; x_wconf 93' lang='lat' dir='ltr'>di</span> <span class='ocrx_word' id='word_1_97' title='bbox 2772 927 2876 977; x_wconf 88' lang='lat' dir='ltr'>ert</span> 
     </span>
    </p>

    <p class='ocr_par' dir='ltr' id='par_1_3' title="bbox 260 935 2878 1646">
     <span class='ocr_line' id='line_1_11' title="bbox 335 935 2878 1082; baseline -0.001 -23"><span class='ocrx_word' id='word_1_98' title='bbox 335 935 429 1082; x_wconf 54' lang='lat' dir='ltr'>Jg</span> <span class='ocrx_word' id='word_1_99' title='bbox 504 998 643 1059; x_wconf 86' lang='lat' dir='ltr'>uine</span> <span class='ocrx_word' id='word_1_100' title='bbox 669 993 1207 1076; x_wconf 68' lang='lat' dir='ltr'>febricitantium,</span> <span class='ocrx_word' id='word_1_101' title='bbox 1250 990 1444 1055; x_wconf 90' lang='lat' dir='ltr'>etiam</span> <span class='ocrx_word' id='word_1_102' title='bbox 1478 991 1543 1054; x_wconf 90' lang='lat' dir='ltr'>in</span> <span class='ocrx_word' id='word_1_103' title='bbox 1577 990 1837 1070; x_wconf 74' lang='lat' dir='ltr'>acutis,;</span> <span class='ocrx_word' id='word_1_104' title='bbox 1898 991 1961 1054; x_wconf 90' lang='lat' dir='ltr'>iu</span> <span class='ocrx_word' id='word_1_105' title='bbox 1995 1006 2274 1074; x_wconf 84' lang='lat' dir='ltr'>utroque</span> <span class='ocrx_word' id='word_1_106' title='bbox 2324 992 2498 1057; x_wconf 88' lang='lat' dir='ltr'>enim</span> <span class='ocrx_word' id='word_1_107' title='bbox 2545 989 2878 1074; x_wconf 88' lang='lat' dir='ltr'>separatur</span> 
     </span>
     <span class='ocr_line' id='line_1_12' title="bbox 260 1066 2872 1164; baseline -0.002 -20"><span class='ocrx_word' id='word_1_108' title='bbox 260 1091 423 1164; x_wconf 84' lang='lat' dir='ltr'>pars</span> <span class='ocrx_word' id='word_1_109' title='bbox 506 1076 651 1153; x_wconf 74' lang='lat' dir='ltr'>uida</span> <span class='ocrx_word' id='word_1_110' title='bbox 693 1075 1066 1151; x_wconf 76' lang='lat' dir='ltr'>candicans,</span> <span class='ocrx_word' id='word_1_111' title='bbox 1100 1072 1391 1150; x_wconf 87' lang='lat' dir='ltr'>albumini</span> <span class='ocrx_word' id='word_1_112' title='bbox 1411 1075 1523 1154; x_wconf 62' lang='lat' dir='ltr'>‚ovi</span> <span class='ocrx_word' id='word_1_113' title='bbox 1566 1068 1823 1151; x_wconf 72' lang='lat' dir='ltr'>similis,</span> <span class='ocrx_word' id='word_1_114' title='bbox 1870 1090 2014 1155; x_wconf 79' lang='lat' dir='ltr'>quae</span> <span class='ocrx_word' id='word_1_115' title='bbox 2068 1072 2131 1137; x_wconf 87' lang='lat' dir='ltr'>in</span> <span class='ocrx_word' id='word_1_116' title='bbox 2189 1073 2340 1154; x_wconf 87' lang='lat' dir='ltr'>igne</span> <span class='ocrx_word' id='word_1_117' title='bbox 2386 1066 2790 1153; x_wconf 81' lang='lat' dir='ltr'>concrescit,</span> <span class='ocrx_word' id='word_1_118' title='bbox 2832 1075 2872 1139; x_wconf 73' lang='lat' dir='ltr'>a</span> 
     </span>
     <span class='ocr_line' id='line_1_13' title="bbox 268 1151 2874 1300; baseline -0.002 -75"><span class='ocrx_word' id='word_1_119' title='bbox 268 1175 459 1245; x_wconf 86' lang='lat' dir='ltr'>parte</span> <span class='ocrx_word' id='word_1_120' title='bbox 513 1151 880 1221; x_wconf 84' lang='lat' dir='ltr'>confistenti</span> <span class='ocrx_word' id='word_1_121' title='bbox 909 1155 1246 1218; x_wconf 89' lang='lat' dir='ltr'>rubicunda</span> <span class='ocrx_word' id='word_1_122' title='bbox 1282 1173 1303 1233; x_wconf 89' lang='lat'>;</span> <span class='ocrx_word' id='word_1_123' title='bbox 1350 1152 1631 1217; x_wconf 87' lang='lat' dir='ltr'>eundem</span> <span class='ocrx_word' id='word_1_124' title='bbox 1670 1151 1949 1236; x_wconf 88' lang='lat' dir='ltr'>saporem</span> <span class='ocrx_word' id='word_1_125' title='bbox 1992 1170 2186 1234; x_wconf 85' lang='lat' dir='ltr'>atque</span> <span class='ocrx_word' id='word_1_126' title='bbox 2217 1156 2442 1218; x_wconf 84' lang='lat' dir='ltr'>odorem</span> <span class='ocrx_word' id='word_1_127' title='bbox 2483 1154 2548 1218; x_wconf 93' lang='lat' dir='ltr'>in</span> <span class='ocrx_word' id='word_1_128' title='bbox 2568 1152 2767 1300; x_wconf 60' lang='lat' dir='ltr'>‘sanis</span> <span class='ocrx_word' id='word_1_129' title='bbox 2810 1154 2874 1219; x_wconf 68' lang='grc' dir='ltr'>ὅ(</span> 
     </span>
     <span class='ocr_line' id='line_1_14' title="bbox 267 1233 2871 1381; baseline -0.002 -75"><span class='ocrx_word' id='word_1_130' title='bbox 267 1242 453 1326; x_wconf 76' lang='lat' dir='ltr'>egris</span> <span class='ocrx_word' id='word_1_131' title='bbox 483 1237 805 1304; x_wconf 86' lang='lat' dir='ltr'>retinent:</span> <span class='ocrx_word' id='word_1_132' title='bbox 851 1235 1065 1299; x_wconf 88' lang='lat' dir='ltr'>colores</span> <span class='ocrx_word' id='word_1_133' title='bbox 1097 1252 1259 1298; x_wconf 91' lang='lat' dir='ltr'>vero</span> <span class='ocrx_word' id='word_1_134' title='bbox 1302 1234 1461 1298; x_wconf 91' lang='lat' dir='ltr'>licet</span> <span class='ocrx_word' id='word_1_135' title='bbox 1501 1233 1967 1316; x_wconf 87' lang='lat' dir='ltr'>aliquantulum</span> <span class='ocrx_word' id='word_1_136' title='bbox 2017 1233 2319 1298; x_wconf 86' lang='lat' dir='ltr'>differant</span> <span class='ocrx_word' id='word_1_137' title='bbox 2354 1236 2524 1300; x_wconf 89' lang='lat' dir='ltr'>inter</span> <span class='ocrx_word' id='word_1_138' title='bbox 2596 1254 2633 1300; x_wconf 92' lang='lat' dir='ltr'>e</span> <span class='ocrx_word' id='word_1_139' title='bbox 2677 1237 2742 1301; x_wconf 91' lang='lat' dir='ltr'>in</span> <span class='ocrx_word' id='word_1_140' title='bbox 2767 1236 2871 1381; x_wconf 55' lang='grc' dir='ltr'>ζε-</span> 
     </span>
     <span class='ocr_line' id='line_1_15' title="bbox 267 1313 2867 1407; baseline -0.003 -20"><span class='ocrx_word' id='word_1_141' title='bbox 267 1321 697 1387; x_wconf 77' lang='lat' dir='ltr'>bricitantibus</span> <span class='ocrx_word' id='word_1_142' title='bbox 731 1364 752 1397; x_wconf 90' lang='lat'>,</span> <span class='ocrx_word' id='word_1_143' title='bbox 814 1316 1064 1380; x_wconf 85' lang='lat' dir='ltr'>eaedem</span> <span class='ocrx_word' id='word_1_144' title='bbox 1107 1313 1498 1380; x_wconf 82' lang='lat' dir='ltr'>differenti&#39;ae</span> <span class='ocrx_word' id='word_1_145' title='bbox 1542 1315 1785 1407; x_wconf 85' lang='lat' dir='ltr'>pariter</span> <span class='ocrx_word' id='word_1_146' title='bbox 1816 1313 2248 1380; x_wconf 84' lang='lat' dir='ltr'>observantur</span> <span class='ocrx_word' id='word_1_147' title='bbox 2294 1316 2359 1381; x_wconf 90' lang='lat' dir='ltr'>in</span> <span class='ocrx_word' id='word_1_148' title='bbox 2412 1320 2723 1381; x_wconf 88' lang='lat' dir='ltr'>cruoribus</span> <span class='ocrx_word' id='word_1_149' title='bbox 2808 1337 2867 1380; x_wconf 91' lang='lat' dir='ltr'>o·</span> 
     </span>
     <span class='ocr_line' id='line_1_16' title="bbox 267 1393 2868 1483; baseline -0.002 -16"><span class='ocrx_word' id='word_1_150' title='bbox 267 1405 499 1468; x_wconf 83' lang='lat' dir='ltr'>minum</span> <span class='ocrx_word' id='word_1_151' title='bbox 543 1394 837 1483; x_wconf 52' lang='lat' dir='ltr'>perfecte</span> <span class='ocrx_word' id='word_1_152' title='bbox 862 1398 1176 1480; x_wconf 76' lang='lat' dir='ltr'>sanorum.</span> <span class='ocrx_word' id='word_1_153' title='bbox 1266 1394 1466 1479; x_wconf 86' lang='lat' dir='ltr'>Igitur</span> <span class='ocrx_word' id='word_1_154' title='bbox 1508 1396 1858 1461; x_wconf 80' lang='lat' dir='ltr'>dicendum</span> <span class='ocrx_word' id='word_1_155' title='bbox 1907 1393 2002 1460; x_wconf 90' lang='lat' dir='ltr'>est</span> <span class='ocrx_word' id='word_1_156' title='bbox 2033 1442 2063 1475; x_wconf 63' lang='lat'>5</span> <span class='ocrx_word' id='word_1_157' title='bbox 2095 1396 2174 1479; x_wconf 88' lang='lat' dir='ltr'>sa</span> <span class='ocrx_word' id='word_1_158' title='bbox 2261 1401 2460 1463; x_wconf 87' lang='lat' dir='ltr'>uinem</span> <span class='ocrx_word' id='word_1_159' title='bbox 2498 1399 2868 1480; x_wconf 80' lang='lat' dir='ltr'>febricitan-</span> 
     </span>
     <span class='ocr_line' id='line_1_17' title="bbox 268 1475 2871 1562; baseline -0.001 -14"><span class='ocrx_word' id='word_1_160' title='bbox 268 1487 429 1548; x_wconf 79' lang='lat' dir='ltr'>tium</span> <span class='ocrx_word' id='word_1_161' title='bbox 474 1499 611 1547; x_wconf 90' lang='lat' dir='ltr'>non</span> <span class='ocrx_word' id='word_1_162' title='bbox 655 1477 788 1543; x_wconf 74' lang='lat' dir='ltr'>ess‘e</span> <span class='ocrx_word' id='word_1_163' title='bbox 834 1475 1275 1562; x_wconf 67' lang='lat' dir='ltr'>putrefactum</span> <span class='ocrx_word' id='word_1_164' title='bbox 1303 1523 1325 1557; x_wconf 93' lang='lat'>,</span> <span class='ocrx_word' id='word_1_165' title='bbox 1386 1492 1942 1561; x_wconf 78' lang='lat' dir='ltr'>corruptumque:</span> <span class='ocrx_word' id='word_1_166' title='bbox 2003 1478 2188 1560; x_wconf 86' lang='lat' dir='ltr'>proin</span> <span class='ocrx_word' id='word_1_167' title='bbox 2240 1497 2409 1561; x_wconf 88' lang='lat' dir='ltr'>eque</span> <span class='ocrx_word' id='word_1_168' title='bbox 2454 1499 2685 1560; x_wconf 78' lang='lat' dir='ltr'>verum</span> <span class='ocrx_word' id='word_1_169' title='bbox 2729 1498 2871 1545; x_wconf 88' lang='lat' dir='ltr'>non</span> 
     </span>
     <span class='ocr_line' id='line_1_18' title="bbox 269 1556 2452 1646; baseline -0.002 -16"><span class='ocrx_word' id='word_1_170' title='bbox 269 1566 402 1630; x_wconf 87' lang='lat' dir='ltr'>erit</span> <span class='ocrx_word' id='word_1_171' title='bbox 483 1561 667 1646; x_wconf 51' lang='lat' dir='ltr'>quod¹</span> <span class='ocrx_word' id='word_1_172' title='bbox 703 1559 739 1625; x_wconf 76' lang='lat' dir='ltr'>a</span> <span class='ocrx_word' id='word_1_173' title='bbox 763 1559 1070 1646; x_wconf 85' lang='lat' dir='ltr'>sanguine</span> <span class='ocrx_word' id='word_1_174' title='bbox 1112 1570 1387 1640; x_wconf 86' lang='lat' dir='ltr'>corrupto</span> <span class='ocrx_word' id='word_1_175' title='bbox 1414 1559 1615 1640; x_wconf 82' lang='lat' dir='ltr'>febris</span> <span class='ocrx_word' id='word_1_176' title='bbox 1661 1558 2044 1624; x_wconf 86' lang='lat' dir='ltr'>accenditur</span> <span class='ocrx_word' id='word_1_177' title='bbox 2072 1558 2134 1624; x_wconf 75' lang='grc' dir='ltr'>δι</span> <span class='ocrx_word' id='word_1_178' title='bbox 2164 1556 2452 1626; x_wconf 69' lang='lat' dir='ltr'>fovetur.</span> 
     </span>
    </p>

    <p class='ocr_par' dir='ltr' id='par_1_4' title="bbox 248 1611 2864 1808">
     <span class='ocr_line' id='line_1_19' title="bbox 355 1611 2863 1734; baseline -0.001 -24"><span class='ocrx_word' id='word_1_179' title='bbox 355 1611 597 1710; x_wconf 68' lang='lat' dir='ltr'>T&#39;ertio</span> <span class='ocrx_word' id='word_1_180' title='bbox 635 1641 934 1707; x_wconf 90' lang='lat' dir='ltr'>videmus</span> <span class='ocrx_word' id='word_1_181' title='bbox 963 1687 987 1723; x_wconf 90' lang='lat'>,</span> <span class='ocrx_word' id='word_1_182' title='bbox 1044 1639 1221 1724; x_wconf 88' lang='lat' dir='ltr'>quod</span> <span class='ocrx_word' id='word_1_183' title='bbox 1266 1657 1351 1703; x_wconf 84' lang='lat' dir='ltr'>ex</span> <span class='ocrx_word' id='word_1_184' title='bbox 1396 1637 1743 1722; x_wconf 68' lang='lat' dir='ltr'>apostemate</span> <span class='ocrx_word' id='word_1_185' title='bbox 1787 1640 1855 1704; x_wconf 84' lang='lat' dir='ltr'>in</span> <span class='ocrx_word' id='word_1_186' title='bbox 1902 1656 2206 1704; x_wconf 84' lang='lat' dir='ltr'>extremo</span> <span class='ocrx_word' id='word_1_187' title='bbox 2242 1644 2414 1734; x_wconf 82' lang='lat' dir='ltr'>pedis</span> <span class='ocrx_word' id='word_1_188' title='bbox 2442 1642 2652 1725; x_wconf 86' lang='lat' dir='ltr'>febris</span> <span class='ocrx_word' id='word_1_189' title='bbox 2687 1643 2863 1708; x_wconf 53' lang='lat' dir='ltr'>excii-</span> 
     </span>
     <span class='ocr_line' id='line_1_20' title="bbox 248 1719 2864 1808; baseline -0.001 -15"><span class='ocrx_word' id='word_1_190' title='bbox 248 1741 483 1793; x_wconf 84' lang='lat' dir='ltr'>.tatur:</span> <span class='ocrx_word' id='word_1_191' title='bbox 523 1724 828 1808; x_wconf 79' lang='lat' dir='ltr'>idemque</span> <span class='ocrx_word' id='word_1_192' title='bbox 857 1721 1186 1807; x_wconf 88' lang='lat' dir='ltr'>contingit</span> <span class='ocrx_word' id='word_1_193' title='bbox 1228 1724 1295 1787; x_wconf 91' lang='lat' dir='ltr'>in</span> <span class='ocrx_word' id='word_1_194' title='bbox 1325 1719 1708 1807; x_wconf 77' lang='lat' dir='ltr'>fluxionibus</span> <span class='ocrx_word' id='word_1_195' title='bbox 1733 1721 2206 1803; x_wconf 81' lang='lat' dir='ltr'>articularibus3</span> <span class='ocrx_word' id='word_1_196' title='bbox 2250 1742 2315 1788; x_wconf 89' lang='lat' dir='ltr'>1n</span> <span class='ocrx_word' id='word_1_197' title='bbox 2346 1722 2442 1789; x_wconf 86' lang='lat' dir='ltr'>his</span> <span class='ocrx_word' id='word_1_198' title='bbox 2474 1742 2691 1791; x_wconf 77' lang='lat' dir='ltr'>tamen</span> <span class='ocrx_word' id='word_1_199' title='bbox 2712 1724 2864 1808; x_wconf 88' lang='lat' dir='ltr'>san·</span> 
     </span>
    </p>

    <p class='ocr_par' dir='ltr' id='par_1_5' title="bbox 238 1811 2867 2052">
     <span class='ocr_line' id='line_1_21' title="bbox 238 1811 869 1873; baseline -0.01 1"><span class='ocrx_word' id='word_1_200' title='bbox 238 1859 241 1864; x_wconf 87' lang='lat'><em>.</em></span> <span class='ocrx_word' id='word_1_201' title='bbox 314 1811 416 1873; x_wconf 80' lang='lat' dir='ltr'>uis</span> <span class='ocrx_word' id='word_1_202' title='bbox 445 1825 578 1872; x_wconf 91' lang='lat' dir='ltr'>non</span> <span class='ocrx_word' id='word_1_203' title='bbox 658 1817 869 1870; x_wconf 85' lang='lat' dir='ltr'>eccat.</span> 
     </span>
     <span class='ocr_line' id='line_1_22' title="bbox 256 1824 2867 1982; baseline 0 -29"><span class='ocrx_word' id='word_1_204' title='bbox 256 1829 313 1896; x_wconf 70' lang='lat' dir='ltr'><em>g</em></span> <span class='ocrx_word' id='word_1_205' title='bbox 354 1824 706 1982; x_wconf 77' lang='lat' dir='ltr'>Quartopin</span> <span class='ocrx_word' id='word_1_206' title='bbox 734 1885 1591 1970; x_wconf 79' lang='lat' dir='ltr'>fluxionibuscatarrbalibus-</span> <span class='ocrx_word' id='word_1_207' title='bbox 1621 1882 1999 1970; x_wconf 69' lang='lat' dir='ltr'>asthmaticis</span> <span class='ocrx_word' id='word_1_208' title='bbox 2041 1885 2103 1952; x_wconf 73' lang='grc' dir='ltr'>ἀ</span> <span class='ocrx_word' id='word_1_209' title='bbox 2144 1887 2478 1970; x_wconf 47' lang='lat' dir='ltr'>epilepticis*</span> <span class='ocrx_word' id='word_1_210' title='bbox 2494 1888 2707 1972; x_wconf 80' lang='lat' dir='ltr'>febres</span> <span class='ocrx_word' id='word_1_211' title='bbox 2754 1904 2867 1954; x_wconf 78' lang='lat' dir='ltr'>ex·</span> 
     </span>
     <span class='ocr_line' id='line_1_23' title="bbox 268 1965 2545 2052; baseline -0.002 -13"><span class='ocrx_word' id='word_1_212' title='bbox 268 1971 561 2039; x_wconf 83' lang='lat' dir='ltr'>citantur</span> <span class='ocrx_word' id='word_1_213' title='bbox 602 1985 735 2033; x_wconf 92' lang='lat' dir='ltr'>non</span> <span class='ocrx_word' id='word_1_214' title='bbox 769 1967 1032 2052; x_wconf 87' lang='lat' dir='ltr'>quidem</span> <span class='ocrx_word' id='word_1_215' title='bbox 1078 1965 1114 2032; x_wconf 76' lang='grc' dir='ltr'>ὲ</span> <span class='ocrx_word' id='word_1_216' title='bbox 1148 1966 1444 2052; x_wconf 83' lang='lat' dir='ltr'>sanguine</span> <span class='ocrx_word' id='word_1_217' title='bbox 1525 1965 1634 2032; x_wconf 89' lang='lat' dir='ltr'>sed</span> <span class='ocrx_word' id='word_1_218' title='bbox 1678 1967 1716 2032; x_wconf 72' lang='grc' dir='ltr'>ἐι</span> <span class='ocrx_word' id='word_1_219' title='bbox 1742 1965 2122 2050; x_wconf 85' lang='lat' dir='ltr'>fluxionibus</span> <span class='ocrx_word' id='word_1_220' title='bbox 2167 1971 2409 2036; x_wconf 81' lang='lat' dir='ltr'>cerebri.</span> <span class='ocrx_word' id='word_1_221' title='bbox 2458 1975 2462 1979; x_wconf 82' lang='lat'>&#39;</span> <span class='ocrx_word' id='word_1_222' title='bbox 2540 2039 2545 2044; x_wconf 68' lang='grc'><em>,</em></span> 
     </span>
    </p>

    <p class='ocr_par' dir='ltr' id='par_1_6' title="bbox 212 2013 2908 4006">
     <span class='ocr_line' id='line_1_24' title="bbox 351 2013 2876 2143; baseline -0.002 -26"><span class='ocrx_word' id='word_1_223' title='bbox 351 2051 651 2141; x_wconf 84' lang='lat' dir='ltr'>QuintO,</span> <span class='ocrx_word' id='word_1_224' title='bbox 694 2046 740 2115; x_wconf 91' lang='lat' dir='ltr'>fi</span> <span class='ocrx_word' id='word_1_225' title='bbox 783 2062 1066 2134; x_wconf 89' lang='lat' dir='ltr'>ponatur</span> <span class='ocrx_word' id='word_1_226' title='bbox 1094 2053 1395 2132; x_wconf 84' lang='lat' dir='ltr'>corruptio</span> <span class='ocrx_word' id='word_1_227' title='bbox 1419 2013 1752 2135; x_wconf 56' lang='lat' dir='ltr'>⁸sanguinis</span> <span class='ocrx_word' id='word_1_228' title='bbox 1782 2093 1803 2126; x_wconf 90' lang='lat'>‚</span> <span class='ocrx_word' id='word_1_229' title='bbox 1850 2049 2027 2143; x_wconf 87' lang='lat' dir='ltr'>causa</span> <span class='ocrx_word' id='word_1_230' title='bbox 2056 2048 2546 2143; x_wconf 73' lang='lat' dir='ltr'>excandefi‘entiae</span> <span class='ocrx_word' id='word_1_231' title='bbox 2570 2051 2876 2132; x_wconf 66' lang='lat' dir='ltr'>febrilis,</span> 
     </span>
     <span class='ocr_line' id='line_1_25' title="bbox 268 2129 2869 2215; baseline -0.002 -16"><span class='ocrx_word' id='word_1_232' title='bbox 268 2132 498 2199; x_wconf 76' lang='lat' dir='ltr'>salvari</span> <span class='ocrx_word' id='word_1_233' title='bbox 531 2148 662 2196; x_wconf 92' lang='lat' dir='ltr'>non</span> <span class='ocrx_word' id='word_1_234' title='bbox 709 2146 1022 2215; x_wconf 89' lang='lat' dir='ltr'>poterunt</span> <span class='ocrx_word' id='word_1_235' title='bbox 1051 2132 1285 2212; x_wconf 89' lang='lat' dir='ltr'>periodi</span> <span class='ocrx_word' id='word_1_236' title='bbox 1309 2131 1602 2212; x_wconf 89' lang='lat' dir='ltr'>febriles,</span> <span class='ocrx_word' id='word_1_237' title='bbox 1649 2145 1793 2214; x_wconf 85' lang='lat' dir='ltr'>quae</span> <span class='ocrx_word' id='word_1_238' title='bbox 1827 2129 2002 2194; x_wconf 77' lang='lat' dir='ltr'>statis</span> <span class='ocrx_word' id='word_1_239' title='bbox 2039 2130 2442 2214; x_wconf 80' lang='lat' dir='ltr'>temporibus</span> <span class='ocrx_word' id='word_1_240' title='bbox 2472 2134 2737 2195; x_wconf 83' lang='lat' dir='ltr'>circuitu</span> <span class='ocrx_word' id='word_1_241' title='bbox 2768 2129 2869 2195; x_wconf 87' lang='lat' dir='ltr'>fa-</span> 
     </span>
     <span class='ocr_line' id='line_1_26' title="bbox 274 2209 2827 2299; baseline -0.002 -18"><span class='ocrx_word' id='word_1_242' title='bbox 274 2215 390 2281; x_wconf 74' lang='lat' dir='ltr'>«uo</span> <span class='ocrx_word' id='word_1_243' title='bbox 422 2228 811 2279; x_wconf 81' lang='lat' dir='ltr'>renovantur</span> <span class='ocrx_word' id='word_1_244' title='bbox 832 2269 837 2275; x_wconf 87' lang='lat'>.</span> <span class='ocrx_word' id='word_1_245' title='bbox 857 2214 924 2277; x_wconf 88' lang='lat' dir='ltr'>in</span> <span class='ocrx_word' id='word_1_246' title='bbox 965 2213 1508 2299; x_wconf 67' lang='lat' dir='ltr'>intermittentibus</span> <span class='ocrx_word' id='word_1_247' title='bbox 1555 2211 1639 2276; x_wconf 90' lang='lat' dir='ltr'>de</span> <span class='ocrx_word' id='word_1_248' title='bbox 1670 2229 1789 2276; x_wconf 83' lang='lat' dir='ltr'>non</span> <span class='ocrx_word' id='word_1_249' title='bbox 1827 2210 1934 2293; x_wconf 85' lang='lat' dir='ltr'>effe</span> <span class='ocrx_word' id='word_1_250' title='bbox 1964 2209 2043 2275; x_wconf 88' lang='lat' dir='ltr'>ad</span> <span class='ocrx_word' id='word_1_251' title='bbox 2072 2211 2211 2295; x_wconf 85' lang='lat' dir='ltr'>effe,</span> <span class='ocrx_word' id='word_1_252' title='bbox 2257 2226 2330 2276; x_wconf 91' lang='lat' dir='ltr'>ut</span> <span class='ocrx_word' id='word_1_253' title='bbox 2362 2210 2427 2278; x_wconf 92' lang='lat' dir='ltr'>in</span> <span class='ocrx_word' id='word_1_254' title='bbox 2457 2215 2827 2298; x_wconf 81' lang='lat' dir='ltr'>quotidianis</span> 
     </span>
     <span class='ocr_line' id='line_1_27' title="bbox 270 2288 2874 2441; baseline -0.002 -78"><span class='ocrx_word' id='word_1_255' title='bbox 270 2298 562 2363; x_wconf 83' lang='lat' dir='ltr'>tertianis</span> <span class='ocrx_word' id='word_1_256' title='bbox 588 2295 647 2361; x_wconf 75' lang='grc' dir='ltr'>δι</span> <span class='ocrx_word' id='word_1_257' title='bbox 675 2297 997 2380; x_wconf 82' lang='lat' dir='ltr'>quartanis</span> <span class='ocrx_word' id='word_1_258' title='bbox 1041 2292 1386 2378; x_wconf 86' lang='lat' dir='ltr'>contingit.</span> <span class='ocrx_word' id='word_1_259' title='bbox 1476 2290 1678 2441; x_wconf 49' lang='lat' dir='ltr'>ssuod</span> <span class='ocrx_word' id='word_1_260' title='bbox 1723 2289 1870 2357; x_wconf 85' lang='lat' dir='ltr'>satis</span> <span class='ocrx_word' id='word_1_261' title='bbox 1913 2288 2213 2357; x_wconf 89' lang='lat' dir='ltr'>suadetur</span> <span class='ocrx_word' id='word_1_262' title='bbox 2258 2306 2341 2356; x_wconf 85' lang='lat' dir='ltr'>ex</span> <span class='ocrx_word' id='word_1_263' title='bbox 2370 2313 2492 2374; x_wconf 90' lang='lat' dir='ltr'>e0,</span> <span class='ocrx_word' id='word_1_264' title='bbox 2539 2294 2717 2377; x_wconf 91' lang='lat' dir='ltr'>quod</span> <span class='ocrx_word' id='word_1_265' title='bbox 2745 2294 2811 2375; x_wconf 77' lang='lat' dir='ltr'>ip</span> <span class='ocrx_word' id='word_1_266' title='bbox 2868 2320 2874 2332; x_wconf 65' lang='lat'>⁷</span> 
     </span>
     <span class='ocr_line' id='line_1_28' title="bbox 265 2368 2875 2462; baseline -0.002 -18"><span class='ocrx_word' id='word_1_267' title='bbox 265 2391 604 2462; x_wconf 88' lang='lat' dir='ltr'>nequeunt</span> <span class='ocrx_word' id='word_1_268' title='bbox 620 2376 880 2462; x_wconf 68' lang='lat' dir='ltr'>salvare</span> <span class='ocrx_word' id='word_1_269' title='bbox 920 2375 1081 2440; x_wconf 89' lang='lat' dir='ltr'>tales</span> <span class='ocrx_word' id='word_1_270' title='bbox 1108 2372 1393 2460; x_wconf 68' lang='lat' dir='ltr'>effectus,</span> <span class='ocrx_word' id='word_1_271' title='bbox 1440 2393 1476 2440; x_wconf 85' lang='lat' dir='ltr'>a</span> <span class='ocrx_word' id='word_1_272' title='bbox 1525 2374 1807 2461; x_wconf 75' lang='lat' dir='ltr'>ignando</span> <span class='ocrx_word' id='word_1_273' title='bbox 1852 2373 1998 2441; x_wconf 77' lang='lat' dir='ltr'>illos</span> <span class='ocrx_word' id='word_1_274' title='bbox 2046 2368 2334 2438; x_wconf 85' lang='lat' dir='ltr'>diversos</span> <span class='ocrx_word' id='word_1_275' title='bbox 2371 2376 2603 2459; x_wconf 87' lang='lat' dir='ltr'>gradus</span> <span class='ocrx_word' id='word_1_276' title='bbox 2643 2376 2875 2440; x_wconf 78' lang='lat' dir='ltr'>attera-</span> 
     </span>
     <span class='ocr_line' id='line_1_29' title="bbox 262 2455 2880 2542; baseline -0.001 -18"><span class='ocrx_word' id='word_1_277' title='bbox 262 2462 455 2542; x_wconf 73' lang='lat' dir='ltr'>tionis</span> <span class='ocrx_word' id='word_1_278' title='bbox 484 2460 547 2525; x_wconf 71' lang='grc' dir='ltr'>ἂ</span> <span class='ocrx_word' id='word_1_279' title='bbox 574 2460 977 2541; x_wconf 82' lang='lat' dir='ltr'>corruptionis</span> <span class='ocrx_word' id='word_1_280' title='bbox 1000 2456 1333 2542; x_wconf 78' lang='lat' dir='ltr'>sanguim‘s</span> <span class='ocrx_word' id='word_1_281' title='bbox 1361 2503 1383 2537; x_wconf 91' lang='lat'>,</span> <span class='ocrx_word' id='word_1_282' title='bbox 1441 2456 1485 2523; x_wconf 69' lang='grc' dir='ltr'>ἐι</span> <span class='ocrx_word' id='word_1_283' title='bbox 1521 2457 1752 2542; x_wconf 88' lang='lat' dir='ltr'>quibus</span> <span class='ocrx_word' id='word_1_284' title='bbox 1804 2457 2036 2537; x_wconf 84' lang='lat' dir='ltr'>periodi</span> <span class='ocrx_word' id='word_1_285' title='bbox 2075 2455 2345 2537; x_wconf 86' lang='lat' dir='ltr'>febriles·</span> <span class='ocrx_word' id='word_1_286' title='bbox 2376 2456 2816 2538; x_wconf 87' lang='lat' dir='ltr'>producantur</span> <span class='ocrx_word' id='word_1_287' title='bbox 2844 2477 2880 2522; x_wconf 71' lang='grc' dir='ltr'>ε·</span> 
     </span>
     <span class='ocr_line' id='line_1_30' title="bbox 266 2534 2862 2622; baseline -0.002 -15"><span class='ocrx_word' id='word_1_288' title='bbox 266 2537 384 2607; x_wconf 83' lang='lat' dir='ltr'>sed</span> <span class='ocrx_word' id='word_1_289' title='bbox 424 2558 508 2606; x_wconf 80' lang='lat' dir='ltr'>co</span> <span class='ocrx_word' id='word_1_290' title='bbox 558 2556 751 2605; x_wconf 88' lang='lat' dir='ltr'>untur</span> <span class='ocrx_word' id='word_1_291' title='bbox 786 2556 1123 2604; x_wconf 87' lang='lat' dir='ltr'>recurrere</span> <span class='ocrx_word' id='word_1_292' title='bbox 1172 2538 1251 2602; x_wconf 91' lang='lat' dir='ltr'>ad</span> <span class='ocrx_word' id='word_1_293' title='bbox 1305 2534 1587 2622; x_wconf 74' lang='lat' dir='ltr'>mysteria</span> <span class='ocrx_word' id='word_1_294' title='bbox 1629 2549 1830 2603; x_wconf 69' lang='lat' dir='ltr'>motus</span> <span class='ocrx_word' id='word_1_295' title='bbox 1865 2538 2015 2601; x_wconf 83' lang='lat' dir='ltr'>lunae</span> <span class='ocrx_word' id='word_1_296' title='bbox 2044 2584 2068 2618; x_wconf 89' lang='lat'>,</span> <span class='ocrx_word' id='word_1_297' title='bbox 2130 2537 2210 2601; x_wconf 90' lang='lat' dir='ltr'>ad</span> <span class='ocrx_word' id='word_1_298' title='bbox 2253 2557 2628 2602; x_wconf 81' lang='lat' dir='ltr'>numerorum</span> <span class='ocrx_word' id='word_1_299' title='bbox 2654 2538 2862 2620; x_wconf 88' lang='lat' dir='ltr'>facul·</span> 
     </span>
     <span class='ocr_line' id='line_1_31' title="bbox 271 2561 2866 2704; baseline -0.001 -16"><span class='ocrx_word' id='word_1_300' title='bbox 271 2633 469 2702; x_wconf 77' lang='lat' dir='ltr'>tates,</span> <span class='ocrx_word' id='word_1_301' title='bbox 511 2561 574 2687; x_wconf 50' lang='lat' dir='ltr'>{a</span> <span class='ocrx_word' id='word_1_302' title='bbox 606 2619 699 2685; x_wconf 78' lang='lat' dir='ltr'>ad</span> <span class='ocrx_word' id='word_1_303' title='bbox 718 2620 948 2686; x_wconf 85' lang='lat' dir='ltr'>fimiles</span> <span class='ocrx_word' id='word_1_304' title='bbox 977 2618 1324 2685; x_wconf 59' lang='lat' dir='ltr'>machina&amp;</span> <span class='ocrx_word' id='word_1_305' title='bbox 1403 2619 1726 2684; x_wconf 68' lang='lat' dir='ltr'>Praeterea</span> <span class='ocrx_word' id='word_1_306' title='bbox 1768 2618 1814 2685; x_wconf 84' lang='lat' dir='ltr'>fi</span> <span class='ocrx_word' id='word_1_307' title='bbox 1836 2619 1959 2704; x_wconf 84' lang='lat' dir='ltr'>san</span> <span class='ocrx_word' id='word_1_308' title='bbox 2046 2621 2099 2682; x_wconf 86' lang='lat' dir='ltr'>is</span> <span class='ocrx_word' id='word_1_309' title='bbox 2133 2621 2463 2701; x_wconf 83' lang='lat' dir='ltr'>putridus,</span> <span class='ocrx_word' id='word_1_310' title='bbox 2508 2619 2663 2700; x_wconf 84' lang='lat' dir='ltr'>dum</span> <span class='ocrx_word' id='word_1_311' title='bbox 2695 2634 2866 2685; x_wconf 88' lang='lat' dir='ltr'>tran·</span> 
     </span>
     <span class='ocr_line' id='line_1_32' title="bbox 263 2698 2866 2788; baseline -0.001 -19"><span class='ocrx_word' id='word_1_312' title='bbox 263 2703 351 2772; x_wconf 88' lang='lat' dir='ltr'>fit</span> <span class='ocrx_word' id='word_1_313' title='bbox 381 2722 498 2788; x_wconf 91' lang='lat' dir='ltr'>per</span> <span class='ocrx_word' id='word_1_314' title='bbox 543 2722 641 2767; x_wconf 89' lang='lat' dir='ltr'>cor</span> <span class='ocrx_word' id='word_1_315' title='bbox 673 2748 694 2781; x_wconf 95' lang='lat'>,</span> <span class='ocrx_word' id='word_1_316' title='bbox 754 2698 956 2785; x_wconf 89' lang='lat' dir='ltr'>ipsum</span> <span class='ocrx_word' id='word_1_317' title='bbox 991 2701 1304 2766; x_wconf 88' lang='lat' dir='ltr'>irritando</span> <span class='ocrx_word' id='word_1_318' title='bbox 1337 2747 1358 2772; x_wconf 79' lang='grc'>,</span> <span class='ocrx_word' id='word_1_319' title='bbox 1423 2717 1531 2765; x_wconf 90' lang='lat' dir='ltr'>aut</span> <span class='ocrx_word' id='word_1_320' title='bbox 1559 2698 1823 2783; x_wconf 80' lang='lat' dir='ltr'>venefica</span> <span class='ocrx_word' id='word_1_321' title='bbox 1854 2720 1970 2784; x_wconf 84' lang='lat' dir='ltr'>qua</span> <span class='ocrx_word' id='word_1_322' title='bbox 1999 2704 2148 2764; x_wconf 87' lang='lat' dir='ltr'>itate</span> <span class='ocrx_word' id='word_1_323' title='bbox 2182 2699 2528 2766; x_wconf 88' lang='lat' dir='ltr'>afficiendo</span> <span class='ocrx_word' id='word_1_324' title='bbox 2563 2746 2584 2779; x_wconf 95' lang='lat'>,</span> <span class='ocrx_word' id='word_1_325' title='bbox 2629 2701 2866 2783; x_wconf 86' lang='lat' dir='ltr'>febrem</span> 
     </span>
     <span class='ocr_line' id='line_1_33' title="bbox 267 2779 2861 2871; baseline -0.001 -21"><span class='ocrx_word' id='word_1_326' title='bbox 267 2786 564 2863; x_wconf 81' lang='lat' dir='ltr'>excitat,</span> <span class='ocrx_word' id='word_1_327' title='bbox 652 2782 948 2857; x_wconf 83' lang='lat' dir='ltr'>uomodo</span> <span class='ocrx_word' id='word_1_328' title='bbox 986 2780 1224 2846; x_wconf 88' lang='lat' dir='ltr'>cessare</span> <span class='ocrx_word' id='word_1_329' title='bbox 1258 2784 1540 2865; x_wconf 85' lang='lat' dir='ltr'>periodus</span> <span class='ocrx_word' id='word_1_330' title='bbox 1584 2782 1835 2864; x_wconf 84' lang='lat' dir='ltr'>febrilis</span> <span class='ocrx_word' id='word_1_331' title='bbox 1922 2780 2155 2846; x_wconf 73' lang='lat' dir='ltr'>otest?</span> <span class='ocrx_word' id='word_1_332' title='bbox 2217 2779 2440 2871; x_wconf 84' lang='lat' dir='ltr'>Quia,</span> <span class='ocrx_word' id='word_1_333' title='bbox 2514 2784 2861 2866; x_wconf 89' lang='lat' dir='ltr'>inquiunt,</span> 
     </span>
     <span class='ocr_line' id='line_1_34' title="bbox 267 2801 2885 3010; baseline -0.001 -77"><span class='ocrx_word' id='word_1_334' title='bbox 267 2886 341 2933; x_wconf 76' lang='lat' dir='ltr'>in</span> <span class='ocrx_word' id='word_1_335' title='bbox 375 2802 727 2949; x_wconf 58' lang='lat' dir='ltr'>paronymo</span> <span class='ocrx_word' id='word_1_336' title='bbox 768 2864 974 2927; x_wconf 86' lang='lat' dir='ltr'>bumor</span> <span class='ocrx_word' id='word_1_337' title='bbox 1015 2875 1271 3010; x_wconf 72' lang='lat' dir='ltr'>peccans</span> <span class='ocrx_word' id='word_1_338' title='bbox 1330 2864 1811 2946; x_wconf 90' lang='lat' dir='ltr'>concoquitur,</span> <span class='ocrx_word' id='word_1_339' title='bbox 1868 2801 1930 2928; x_wconf 60' lang='lat' dir='ltr'>g(</span> <span class='ocrx_word' id='word_1_340' title='bbox 1976 2863 2012 2928; x_wconf 77' lang='lat' dir='ltr'>a</span> <span class='ocrx_word' id='word_1_341' title='bbox 2041 2860 2290 2928; x_wconf 85' lang='lat' dir='ltr'>Natura</span> <span class='ocrx_word' id='word_1_342' title='bbox 2346 2863 2702 2946; x_wconf 84' lang='lat' dir='ltr'>expellitur</span> <span class='ocrx_word' id='word_1_343' title='bbox 2747 2883 2885 2948; x_wconf 85' lang='lat' dir='ltr'>per·</span> 
     </span>
     <span class='ocr_line' id='line_1_35' title="bbox 261 2941 2871 3034; baseline 0 -22"><span class='ocrx_word' id='word_1_344' title='bbox 261 2961 480 3034; x_wconf 72' lang='lat' dir='ltr'>poros,</span> <span class='ocrx_word' id='word_1_345' title='bbox 526 2960 635 3012; x_wconf 89' lang='lat' dir='ltr'>aut</span> <span class='ocrx_word' id='word_1_346' title='bbox 666 2944 922 3027; x_wconf 86' lang='lat' dir='ltr'>ejicitur</span> <span class='ocrx_word' id='word_1_347' title='bbox 950 2944 988 3010; x_wconf 81' lang='grc' dir='ltr'>ὲ</span> <span class='ocrx_word' id='word_1_348' title='bbox 1041 2945 1178 3009; x_wconf 83' lang='lat' dir='ltr'>ocis</span> <span class='ocrx_word' id='word_1_349' title='bbox 1199 2945 1676 3029; x_wconf 64' lang='lat' dir='ltr'>„principalibus</span> <span class='ocrx_word' id='word_1_350' title='bbox 1704 2944 1788 3010; x_wconf 89' lang='lat' dir='ltr'>ad</span> <span class='ocrx_word' id='word_1_351' title='bbox 1828 2941 2157 3029; x_wconf 83' lang='lat' dir='ltr'>intestina,</span> <span class='ocrx_word' id='word_1_352' title='bbox 2202 2946 2311 3011; x_wconf 91' lang='lat' dir='ltr'>vel</span> <span class='ocrx_word' id='word_1_353' title='bbox 2340 2946 2510 3024; x_wconf 82' lang='lat' dir='ltr'>alio,</span> <span class='ocrx_word' id='word_1_354' title='bbox 2561 2959 2871 3029; x_wconf 88' lang='lat' dir='ltr'>tanquam</span> 
     </span>
     <span class='ocr_line' id='line_1_36' title="bbox 268 3024 2864 3110; baseline -0.002 -13"><span class='ocrx_word' id='word_1_355' title='bbox 268 3029 358 3097; x_wconf 87' lang='lat' dir='ltr'>ad</span> <span class='ocrx_word' id='word_1_356' title='bbox 396 3029 677 3094; x_wconf 86' lang='lat' dir='ltr'>cloacas.</span> <span class='ocrx_word' id='word_1_357' title='bbox 767 3026 896 3091; x_wconf 89' lang='lat' dir='ltr'>Sed</span> <span class='ocrx_word' id='word_1_358' title='bbox 941 3025 987 3092; x_wconf 88' lang='lat' dir='ltr'><strong>fi</strong></span> <span class='ocrx_word' id='word_1_359' title='bbox 1033 3026 1164 3090; x_wconf 85' lang='lat' dir='ltr'>hoc</span> <span class='ocrx_word' id='word_1_360' title='bbox 1207 3046 1434 3091; x_wconf 88' lang='lat' dir='ltr'>verum</span> <span class='ocrx_word' id='word_1_361' title='bbox 1479 3024 1610 3107; x_wconf 86' lang='lat' dir='ltr'>est,</span> <span class='ocrx_word' id='word_1_362' title='bbox 1705 3046 1857 3092; x_wconf 88' lang='lat' dir='ltr'>uare</span> <span class='ocrx_word' id='word_1_363' title='bbox 1902 3024 2051 3110; x_wconf 92' lang='lat' dir='ltr'>post</span> <span class='ocrx_word' id='word_1_364' title='bbox 2080 3041 2333 3092; x_wconf 84' lang='lat' dir='ltr'>certum</span> <span class='ocrx_word' id='word_1_365' title='bbox 2380 3041 2636 3109; x_wconf 83' lang='lat' dir='ltr'>tempus</span> <span class='ocrx_word' id='word_1_366' title='bbox 2673 3030 2864 3093; x_wconf 85' lang='lat' dir='ltr'>inter-</span> 
     </span>
     <span class='ocr_line' id='line_1_37' title="bbox 266 3106 2869 3196; baseline -0.002 -19"><span class='ocrx_word' id='word_1_367' title='bbox 266 3107 551 3195; x_wconf 73' lang='lat' dir='ltr'>miffionis</span> <span class='ocrx_word' id='word_1_368' title='bbox 578 3107 747 3173; x_wconf 85' lang='lat' dir='ltr'>redit</span> <span class='ocrx_word' id='word_1_369' title='bbox 777 3106 1047 3188; x_wconf 60' lang='lat' dir='ltr'>febris?</span> <span class='ocrx_word' id='word_1_370' title='bbox 1079 3107 1333 3190; x_wconf 85' lang='lat' dir='ltr'>Ajunt,</span> <span class='ocrx_word' id='word_1_371' title='bbox 1361 3106 1627 3172; x_wconf 87' lang='lat' dir='ltr'>remanfi</span> <span class='ocrx_word' id='word_1_372' title='bbox 1680 3127 1717 3171; x_wconf 84' lang='lat' dir='ltr'>e</span> <span class='ocrx_word' id='word_1_373' title='bbox 1756 3110 2156 3188; x_wconf 81' lang='lat' dir='ltr'>fermentum,</span> <span class='ocrx_word' id='word_1_374' title='bbox 2204 3125 2336 3191; x_wconf 86' lang='lat' dir='ltr'>quo</span> <span class='ocrx_word' id='word_1_375' title='bbox 2366 3107 2869 3196; x_wconf 63' lang='lat' dir='ltr'>denuo‘sanguis</span> 
     </span>
     <span class='ocr_line' id='line_1_38' title="bbox 230 3186 2868 3274; baseline -0 -18"><span class='ocrx_word' id='word_1_376' title='bbox 230 3189 610 3273; x_wconf 85' lang='lat' dir='ltr'>-corrumpi</span> <span class='ocrx_word' id='word_1_377' title='bbox 650 3186 866 3274; x_wconf 84' lang='lat' dir='ltr'>potest</span> <span class='ocrx_word' id='word_1_378' title='bbox 902 3191 965 3253; x_wconf 92' lang='lat' dir='ltr'>in</span> <span class='ocrx_word' id='word_1_379' title='bbox 999 3188 1438 3253; x_wconf 84' lang='lat' dir='ltr'>determinato</span> <span class='ocrx_word' id='word_1_380' title='bbox 1479 3205 1782 3272; x_wconf 85' lang='lat' dir='ltr'>tempore</span> <span class='ocrx_word' id='word_1_381' title='bbox 1818 3209 1839 3270; x_wconf 90' lang='lat'>;</span> <span class='ocrx_word' id='word_1_382' title='bbox 1899 3189 1961 3253; x_wconf 70' lang='grc' dir='ltr'><strong>ἃ</strong></span> <span class='ocrx_word' id='word_1_383' title='bbox 1989 3188 2075 3255; x_wconf 87' lang='lat' dir='ltr'>fic</span> <span class='ocrx_word' id='word_1_384' title='bbox 2119 3189 2356 3253; x_wconf 49' lang='lat' dir='ltr'>denuo*</span> <span class='ocrx_word' id='word_1_385' title='bbox 2380 3206 2607 3254; x_wconf 86' lang='lat' dir='ltr'>creare</span> <span class='ocrx_word' id='word_1_386' title='bbox 2649 3190 2868 3271; x_wconf 90' lang='lat' dir='ltr'>potest</span> 
     </span>
     <span class='ocr_line' id='line_1_39' title="bbox 270 3264 2868 3354; baseline -0.001 -18"><span class='ocrx_word' id='word_1_387' title='bbox 270 3264 546 3354; x_wconf 73' lang='lat' dir='ltr'>febrilem</span> <span class='ocrx_word' id='word_1_388' title='bbox 586 3268 1147 3353; x_wconf 72' lang='lat' dir='ltr'>excandescentiam.</span> <span class='ocrx_word' id='word_1_389' title='bbox 1241 3270 1486 3336; x_wconf 85' lang='lat' dir='ltr'>Verum</span> <span class='ocrx_word' id='word_1_390' title='bbox 1543 3271 1689 3354; x_wconf 87' lang='lat' dir='ltr'>quia</span> <span class='ocrx_word' id='word_1_391' title='bbox 1748 3268 2062 3334; x_wconf 63' lang='lat' dir='ltr'>confecto</span> <span class='ocrx_word' id='word_1_392' title='bbox 2113 3282 2318 3352; x_wconf 75' lang='lat' dir='ltr'>parox</span> <span class='ocrx_word' id='word_1_393' title='bbox 2335 3270 2466 3352; x_wconf 90' lang='lat' dir='ltr'>smo</span> <span class='ocrx_word' id='word_1_394' title='bbox 2489 3268 2868 3348; x_wconf 87' lang='lat' dir='ltr'>fermentum</span> 
     </span>
     <span class='ocr_line' id='line_1_40' title="bbox 269 3348 2861 3436; baseline -0 -18"><span class='ocrx_word' id='word_1_395' title='bbox 269 3354 491 3436; x_wconf 74' lang='lat' dir='ltr'>febrile</span> <span class='ocrx_word' id='word_1_396' title='bbox 518 3348 733 3419; x_wconf 91' lang='lat' dir='ltr'>subito</span> <span class='ocrx_word' id='word_1_397' title='bbox 763 3352 933 3435; x_wconf 84' lang='lat' dir='ltr'>agit,</span> <span class='ocrx_word' id='word_1_398' title='bbox 978 3350 1357 3416; x_wconf 88' lang='lat' dir='ltr'>inchoando</span> <span class='ocrx_word' id='word_1_399' title='bbox 1386 3369 1625 3417; x_wconf 88' lang='lat' dir='ltr'>novam</span> <span class='ocrx_word' id='word_1_400' title='bbox 1653 3352 2064 3416; x_wconf 79' lang='lat' dir='ltr'>alterationem</span> <span class='ocrx_word' id='word_1_401' title='bbox 2090 3351 2272 3434; x_wconf 81' lang='lat' dir='ltr'>maffie</span> <span class='ocrx_word' id='word_1_402' title='bbox 2323 3355 2668 3436; x_wconf 73' lang='lat' dir='ltr'>anguinea,</span> <span class='ocrx_word' id='word_1_403' title='bbox 2702 3369 2861 3417; x_wconf 88' lang='lat' dir='ltr'>con-</span> 
     </span>
     <span class='ocr_line' id='line_1_41' title="bbox 277 3433 2866 3518; baseline -0.001 -18"><span class='ocrx_word' id='word_1_404' title='bbox 277 3434 569 3501; x_wconf 88' lang='lat' dir='ltr'>tinenter</span> <span class='ocrx_word' id='word_1_405' title='bbox 610 3433 910 3518; x_wconf 87' lang='lat' dir='ltr'>augendo</span> <span class='ocrx_word' id='word_1_406' title='bbox 942 3435 1375 3516; x_wconf 83' lang='lat' dir='ltr'>corruptionem</span> <span class='ocrx_word' id='word_1_407' title='bbox 1400 3451 1522 3518; x_wconf 88' lang='lat' dir='ltr'>per</span> <span class='ocrx_word' id='word_1_408' title='bbox 1553 3434 1838 3516; x_wconf 81' lang='lat' dir='ltr'>gradus,</span> <span class='ocrx_word' id='word_1_409' title='bbox 1868 3433 2248 3511; x_wconf 83' lang='lat' dir='ltr'>continuato,</span> <span class='ocrx_word' id='word_1_410' title='bbox 2293 3450 2429 3498; x_wconf 91' lang='lat' dir='ltr'>non</span> <span class='ocrx_word' id='word_1_411' title='bbox 2473 3448 2634 3497; x_wconf 87' lang='lat' dir='ltr'>vero</span> <span class='ocrx_word' id='word_1_412' title='bbox 2673 3434 2866 3498; x_wconf 88' lang='lat' dir='ltr'>inter·</span> 
     </span>
     <span class='ocr_line' id='line_1_42' title="bbox 274 3512 2869 3599; baseline 0 -18"><span class='ocrx_word' id='word_1_413' title='bbox 274 3527 461 3598; x_wconf 89' lang='lat' dir='ltr'>rupto</span> <span class='ocrx_word' id='word_1_414' title='bbox 501 3524 665 3597; x_wconf 85' lang='lat' dir='ltr'>motu</span> <span class='ocrx_word' id='word_1_415' title='bbox 695 3562 716 3595; x_wconf 92' lang='lat'>,</span> <span class='ocrx_word' id='word_1_416' title='bbox 775 3529 847 3578; x_wconf 88' lang='lat' dir='ltr'>ut</span> <span class='ocrx_word' id='word_1_417' title='bbox 878 3512 1131 3579; x_wconf 88' lang='lat' dir='ltr'>constat</span> <span class='ocrx_word' id='word_1_418' title='bbox 1176 3531 1258 3578; x_wconf 82' lang='lat' dir='ltr'>ex</span> <span class='ocrx_word' id='word_1_419' title='bbox 1312 3514 1583 3580; x_wconf 88' lang='lat' dir='ltr'>erientia</span> <span class='ocrx_word' id='word_1_420' title='bbox 1638 3514 1700 3578; x_wconf 93' lang='lat' dir='ltr'>in</span> <span class='ocrx_word' id='word_1_421' title='bbox 1729 3515 2302 3597; x_wconf 78' lang='lat' dir='ltr'>sementationibus</span> <span class='ocrx_word' id='word_1_422' title='bbox 2341 3514 2764 3599; x_wconf 73' lang='lat' dir='ltr'>vegetabilium</span> <span class='ocrx_word' id='word_1_423' title='bbox 2803 3515 2869 3582; x_wconf 72' lang='lat' dir='ltr'>Gt</span> 
     </span>
     <span class='ocr_line' id='line_1_43' title="bbox 216 3594 2908 3680; baseline 0.003 -25"><span class='ocrx_word' id='word_1_424' title='bbox 216 3650 221 3655; x_wconf 83' lang='grc'><strong>.</strong></span> <span class='ocrx_word' id='word_1_425' title='bbox 272 3598 643 3674; x_wconf 79' lang='lat' dir='ltr'>humorum3</span> <span class='ocrx_word' id='word_1_426' title='bbox 686 3596 748 3661; x_wconf 76' lang='grc' dir='ltr'>ἀ</span> <span class='ocrx_word' id='word_1_427' title='bbox 791 3614 940 3663; x_wconf 88' lang='lat' dir='ltr'>cum</span> <span class='ocrx_word' id='word_1_428' title='bbox 985 3595 1097 3659; x_wconf 69' lang='lat' dir='ltr'>taii</span> <span class='ocrx_word' id='word_1_429' title='bbox 1142 3596 1246 3661; x_wconf 81' lang='lat' dir='ltr'>inc&#39;</span> <span class='ocrx_word' id='word_1_430' title='bbox 1296 3614 1447 3660; x_wconf 89' lang='lat' dir='ltr'>oata</span> <span class='ocrx_word' id='word_1_431' title='bbox 1479 3598 1816 3678; x_wconf 84' lang='lat' dir='ltr'>corruptela</span> <span class='ocrx_word' id='word_1_432' title='bbox 1839 3595 1920 3680; x_wconf 91' lang='lat' dir='ltr'>sa</span> <span class='ocrx_word' id='word_1_433' title='bbox 2006 3596 2105 3659; x_wconf 86' lang='lat' dir='ltr'>uis</span> <span class='ocrx_word' id='word_1_434' title='bbox 2196 3613 2268 3660; x_wconf 88' lang='lat' dir='ltr'>er</span> <span class='ocrx_word' id='word_1_435' title='bbox 2309 3615 2408 3660; x_wconf 89' lang='lat' dir='ltr'>cor</span> <span class='ocrx_word' id='word_1_436' title='bbox 2449 3594 2908 3663; x_wconf 87' lang='lat' dir='ltr'>continenter-</span> 
     </span>
     <span class='ocr_line' id='line_1_44' title="bbox 274 3674 2874 3770; baseline -0.001 -27"><span class='ocrx_word' id='word_1_437' title='bbox 274 3677 553 3756; x_wconf 74' lang='lat' dir='ltr'>eircuit‚</span> <span class='ocrx_word' id='word_1_438' title='bbox 596 3677 1006 3761; x_wconf 89' lang='lat' dir='ltr'>proindeque</span> <span class='ocrx_word' id='word_1_439' title='bbox 1034 3696 1131 3741; x_wconf 90' lang='lat' dir='ltr'>cor</span> <span class='ocrx_word' id='word_1_440' title='bbox 1176 3674 1416 3741; x_wconf 87' lang='lat' dir='ltr'>afficiet</span> <span class='ocrx_word' id='word_1_441' title='bbox 1462 3674 1578 3742; x_wconf 90' lang='lat' dir='ltr'>suo</span> <span class='ocrx_word' id='word_1_442' title='bbox 1607 3678 1810 3770; x_wconf 82' lang='lat' dir='ltr'>gradu</span> <span class='ocrx_word' id='word_1_443' title='bbox 1969 3678 2092 3741; x_wconf 81' lang='lat' dir='ltr'>ztioe</span> <span class='ocrx_word' id='word_1_444' title='bbox 2229 3679 2577 3760; x_wconf 84' lang='lat' dir='ltr'>putredinis</span> <span class='ocrx_word' id='word_1_445' title='bbox 2604 3675 2874 3760; x_wconf 81' lang='lat' dir='ltr'>acquili-</span> 
     </span>
     <span class='ocr_line' id='line_1_45' title="bbox 278 3754 2874 3852; baseline 0 -29"><span class='ocrx_word' id='word_1_446' title='bbox 278 3774 394 3824; x_wconf 58' lang='grc' dir='ltr'>κε.</span> <span class='ocrx_word' id='word_1_447' title='bbox 484 3756 570 3822; x_wconf 83' lang='grc' dir='ltr'>Ει·</span> <span class='ocrx_word' id='word_1_448' title='bbox 615 3776 660 3821; x_wconf 92' lang='lat' dir='ltr'>o</span> <span class='ocrx_word' id='word_1_449' title='bbox 702 3754 954 3842; x_wconf 89' lang='lat' dir='ltr'>semper</span> <span class='ocrx_word' id='word_1_450' title='bbox 992 3757 1195 3839; x_wconf 82' lang='lat' dir='ltr'>febris</span> <span class='ocrx_word' id='word_1_451' title='bbox 1237 3755 1683 3840; x_wconf 87' lang='lat' dir='ltr'>perseverab1t</span> <span class='ocrx_word' id='word_1_452' title='bbox 1709 3804 1733 3838; x_wconf 93' lang='lat'>,</span> <span class='ocrx_word' id='word_1_453' title='bbox 1793 3775 1921 3822; x_wconf 90' lang='lat' dir='ltr'>nec</span> <span class='ocrx_word' id='word_1_454' title='bbox 1964 3758 2225 3823; x_wconf 87' lang='lat' dir='ltr'>daretur</span> <span class='ocrx_word' id='word_1_455' title='bbox 2262 3756 2556 3852; x_wconf 70' lang='lat' dir='ltr'>perfecta</span> <span class='ocrx_word' id='word_1_456' title='bbox 2641 3761 2768 3822; x_wconf 78' lang='lat' dir='ltr'>uie&#39;s</span> <span class='ocrx_word' id='word_1_457' title='bbox 2808 3759 2874 3824; x_wconf 75' lang='grc' dir='ltr'>δε</span> 
     </span>
     <span class='ocr_line' id='line_1_46' title="bbox 212 3776 2903 4006; baseline -0 -101"><span class='ocrx_word' id='word_1_458' title='bbox 212 3906 221 3913; x_wconf 75' lang='grc'><strong><em>,</em></strong></span> <span class='ocrx_word' id='word_1_459' title='bbox 280 3776 627 3924; x_wconf 62' lang='lat' dir='ltr'>nitamiffigo</span> <span class='ocrx_word' id='word_1_460' title='bbox 671 3839 880 3906; x_wconf 85' lang='lat' dir='ltr'>totalis.</span> <span class='ocrx_word' id='word_1_461' title='bbox 922 3838 960 3905; x_wconf 73' lang='lat' dir='ltr'>a</span> <span class='ocrx_word' id='word_1_462' title='bbox 980 3838 1162 3922; x_wconf 62' lang='lat' dir='ltr'>,febre</span> <span class='ocrx_word' id='word_1_463' title='bbox 1188 3883 1213 3921; x_wconf 88' lang='lat'>,</span> <span class='ocrx_word' id='word_1_464' title='bbox 1269 3836 1381 3906; x_wconf 85' lang='lat' dir='ltr'>sed</span> <span class='ocrx_word' id='word_1_465' title='bbox 1436 3839 2054 4006; x_wconf 37' lang='lat' dir='ltr'>hazeffiferiodum</span> <span class='ocrx_word' id='word_1_466' title='bbox 2097 3854 2416 3906; x_wconf 77' lang='lat' dir='ltr'>continuo</span> <span class='ocrx_word' id='word_1_467' title='bbox 2462 3856 2572 3905; x_wconf 90' lang='lat' dir='ltr'>cre</span> <span class='ocrx_word' id='word_1_468' title='bbox 2604 3851 2868 3982; x_wconf 53' lang='grc' dir='ltr'>εειιιιίςεω</span> <span class='ocrx_word' id='word_1_469' title='bbox 2899 3868 2903 3872; x_wconf 17' lang='grc' dir='ltr'><strong>Α</strong></span> 
     </span>
    </p>
   </div>
  </div>
 </body>
</html>
