3419 4538
1020 235 1990 316 FEBR1L-1s.
2679 231 2826 330 ιε)

200 391 651 484 &sudor-ffici,
693 390 805 479 seu
846 392 1072 473 urinofi
1095 441 1116 475 ,
1159 395 1224 461 in
1252 408 1414 461 azotu
1441 395 1523 461 ad
1564 393 2032 480 egrediendum
2078 390 2268 478 politi
2299 438 2321 472 ,
2365 388 2757 459 cohibentur
2782 432 2813 473 ,

197 479 702 564 impediturque
744 476 1015 541 ulterior
1059 495 1288 542 eorum
1334 475 1646 562 egreffus:
1692 478 1755 542 dt
1782 474 1973 555 ide0,
2020 480 2084 540 in
2121 475 2431 560 glandulis
2467 493 2820 540 coacerva-

200 564 317 643 ti,
366 578 471 625 eas
502 558 787 644 turgidas
832 557 1111 623 reddent
1142 603 1165 639 ,
1208 572 1281 621 ut
1310 574 1493 642 patet
1536 558 1602 623 in
1637 556 1886 637 tonsillis
1934 553 2208 636 inflatis}
2251 555 2562 640 deinceps
2601 569 2812 622 retro-

201 641 527 708 cedendo
572 640 739 705 intra
781 639 1063 704 nervalos
1089 685 1113 719 ,
1157 637 1400 736 eosque
1432 637 1833 704 obstruendo
1863 683 1887 717 ‚
1928 653 2247 722 oportet,
2295 652 2369 701 ut
2408 634 2815 702 fermenten-

202 737 365 804 tur,
411 722 476 788 ἁ
519 722 674 787 ideo
708 718 1086 786 mordicatis
1127 735 1336 786 nervis
1382 719 1849 786 communicari
1905 722 2190 784 irritatio·
2220 721 2448 785 cerebro
2492 719 2810 802 deinceps

196 806 280 871 ὅ(
307 806 475 869 cordi
550 798 771 881 otest;
820 800 994 866 unde
1028 801 1241 885 pulsus
1276 804 1423 867 celer
1454 849 1476 883 ,
1522 802 1586 867 δι
1627 802 1905 866 caliditas
1944 801 2183 876 febrilis
2225 800 2383 865 oriri
2414 798 2632 883 potest
2661 846 2685 880 ,
2728 811 2816 866 ut

196 887 396 971 prius
425 885 489 951 di
561 901 669 948 um
699 881 815 947 est.
905 881 1162 948 Veritas
1190 882 1378 964 huJ‘us
1411 882 1680 948 theoriae
1712 883 1943 949 melius
1976 879 2470 950 confirmabitur
2501 898 2585 945 ex
2631 900 2808 946 cara·

206 972 381 1032 tione
420 965 693 1030 catari-bi
720 1010 742 1043 ,
787 978 864 1028 ut
905 961 1178 1028 inferius
1215 964 1528 1030 dicemus.

297 1044 503 1115 Adest
536 1059 857 1129 praeterea
903 1044 1027 1109 alia
1055 1044 1579 1128 perniciofiffima
1626 1047 1958 1140 egritudo,
2006 1064 2148 1131 quae
2191 1045 2394 1129 vulgo
2436 1043 2656 1109 vocari
2702 1038 2806 1108 so·

208 1130 320 1196 let
344 1130 551 1210 febris
593 1127 786 1191 latens
829 1126 892 1191 δῑ
923 1128 1301 1220 proditoria,
1346 1129 1412 1191 in
1460 1144 1587 1209 qua
1645 1129 1804 1193 hcet
1821 1129 2032 1211 pulsus
2071 1127 2283 1192 bonus
2340 1124 2454 1205 fit,
2500 1125 2565 1189 δι
2615 1128 2804 1190 urina

204 1208 596 1289 laudabilis,
644 1206 1064 1274 nihilominus
1100 1224 1272 1291 aeger
1314 1210 1604 1274 moritur.
1696 1206 1889 1273 Hanc
1917 1207 2223 1301 profecto
2253 1209 2668 1294 <egritudinem
2697 1206 2802 1288 fe-

206 1295 382 1358 brem
425 1289 553 1353 effe
609 1305 957 1373 negarem,
1006 1284 1115 1352 sed
1165 1289 1386 1371 potius
1437 1285 1743 1373 paffionem
1799 1287 2070 1356 similem
2126 1290 2224 1370 ei,
2272 1307 2415 1373 quae
2461 1287 2499 1354 a
2553 1288 2807 1353 venenis

207 1371 646 1458 producitur,
689 1387 833 1454 quae
878 1365 1115 1453 absque
1157 1370 1334 1453 febre
1374 1391 1569 1436 necem
1613 1368 1935 1451 afferunt;
1979 1388 2330 1456 propterea
2385 1369 2563 1453 quod
2601 1368 2796 1516 {Ziri-

209 1468 392 1532 zum,
438 1452 549 1515 vel
575 1449 826 1534 succum
875 1470 1160 1515 nerveum
1188 1464 1365 1517 tanta
1412 1452 1752 1518 celeritate
1808 1453 2249 1532 conturbant,
2297 1453 2572 1517 alterant
2726 1447 2800 1513 fi-

209 1549 422 1614 xant,
469 1547 542 1596 ut
566 1533 746 1615 prius
790 1534 958 1597 vires
1013 1530 1428 1599 consternant
1483 1534 1545 1598 ἀ
1590 1533 2002 1614 interimant,
2050 1551 2239 1618 quam
2285 1534 2674 1618 agitationem
2698 1533 2807 1613 se-

212 1616 422 1680 brilem
466 1613 756 1679 excitare
783 1613 1039 1696 poffint.
1130 1612 1333 1700 Quod
1374 1633 1538 1680 vero
1573 1615 1636 1681 in
1682 1612 1854 1680 hisce
1881 1615 2163 1701 malignis
2199 1616 2684 1700 Waegrituninibus
2741 1612 2805 1679 dt

211 1697 282 1763 in
314 1698 630 1761 venenatis
671 1697 881 1759 nervei
902 1694 1081 1780 succi
1123 1696 1247 1761 {int
1290 1697 1462 1761 male
1506 1694 1761 1776 affecti,
1807 1696 2152 1790 &sanguis
2195 1714 2326 1761 non
2384 1693 2461 1760 sit
2499 1693 2806 1780 coagula-

217 1793 326 1844 tus
370 1778 406 1858 (
422 1793 496 1842 ut
539 1776 733 1859 aliqui
775 1771 1316 1841 somniaverunt)
1361 1787 1546 1872 patet
1587 1796 1669 1842 ex
1721 1777 2054 1843 crimentis
2089 1824 2112 1871 ,
2170 1776 2208 1842 ὲ
2252 1775 2440 1843 nobis
2490 1775 2679 1852 saetis
2736 1776 2807 1842 in

210 1860 547 1926 Academia
582 1856 1062 1940 Experimentali
1092 1858 1339 1923 Medica
1369 1878 1436 1924 m
1467 1860 1674 1926 anima
1705 1859 1848 1924 ibus
1890 1874 2141 1926 necatis
2197 1858 2236 1925 a
2278 1857 2474 1942 morsu
2515 1862 2803 1952 viperae,

207 1941 320 2006 vel
366 1939 447 2005 ab
482 1939 639 2004 oleo
680 1938 931 2020 tabaci,
974 1938 1039 2005 in
1084 1940 1316 2024 quibus
1333 1941 1593 2027 sanguis
1622 1935 1878 2024 semper
1936 1940 2172 2007 fluidus
2215 1940 2277 2006 ἀ
2319 1958 2454 2007 non
2502 1949 2653 2007 coin
2704 1940 2803 2005 ui-

216 2037 410 2089 natus
440 2022 607 2088 adeo
648 2035 953 2104 repertus
983 2018 1119 2102 est,
1164 2037 1236 2086 ut
1267 2023 1569 2089 animalia
1610 2022 1724 2088 illa
1768 2042 1991 2088 veneno
2022 2035 2298 2103 necata,
2344 2020 2424 2089 ab
2486 2023 2679 2108 aliqui
2732 2041 2809 2087 us

219 2101 553 2183 comesta,
597 2101 837 2168 nullam
885 2120 1121 2169 noxam
1168 2104 1263 2168 eis
1308 2105 1664 2169 attulerint.
1757 2103 2071 2170 Similiter
2118 2105 2184 2169 in
2241 2107 2638 2169 cadaveribus
2694 2122 2811 2170 ne·-

222 2201 522 2251 catorum
553 2183 591 2248 a
619 2184 904 2267 malignis
931 2186 1146 2248 morbis
1172 2184 1436 2271 samguis
1480 2201 1743 2269 quoque
1790 2182 2061 2265 fluidus,
2107 2186 2170 2250 &
2213 2183 2432 2250 fimilis
2473 2185 2813 2252 communi

205 2269 508 2354 sanguini
538 2264 755 2351 paflim
806 2266 1145 2349 reperitur.
1239 2266 1291 2330 E
1338 2282 1566 2331 contra
1614 2262 1838 2350 insigni
1883 2263 2099 2346 laefione
2155 2263 2325 2331 affici
2408 2286 2618 2333 uccum
2674 2286 2814 2334 ner-

223 2369 405 2415 veum
445 2361 622 2431 patet
661 2366 744 2412 ex
777 2360 1048 2431 torpore,
1092 2347 1395 2434 lethargo,
1427 2344 1737 2433 paralysi,
1783 2344 2294 2428 convulfionibus,
2410 2348 2572 2414 liriis
2618 2350 2681 2416 &
2709 2351 2811 2415 ab·

196 2427 480 2531 scefflbus
526 2430 590 2495 in
617 2427 1020 2505 munstar-iis.
1654 2450 1663 2463 ·

300 2522 385 2578 be
434 2513 605 2577 uitur
620 2513 824 2595 febris
852 2511 997 2592 illa,
1044 2530 1186 2597 quae
1231 2510 1454 2578 heilica
1495 2512 1721 2579 vocari
1778 2509 1982 2593 solet,
2030 2529 2172 2597 quae
2215 2529 2351 2578 non
2402 2507 2498 2578 est
2552 2515 2812 2596 periodi·

218 2613 330 2675 ca,
404 2594 487 2660 ed
531 2595 693 2658 lenta
736 2593 1218 2677 excandescentia
1246 2609 1572 2679 perpetuo
1604 2595 1873 2689 vigens,
1918 2591 2088 2660 solet
2135 2609 2353 2659 tamen
2399 2591 2547 2678 post
2574 2598 2811 2679 cibum,

223 2679 490 2762 vigorem
535 2675 597 2741 Gt
659 2694 925 2740 ervorem
948 2674 1337 2740 reassumere
1368 2676 1718 2758 majorem,
1764 2694 1913 2760 quia
1952 2693 2163 2742 novus
2191 2676 2399 2758 cbylus
2450 2679 2513 2742 in
2555 2673 2814 2761 stomac-

219 2758 332 2838 ho,
368 2758 579 2901 fyloro
695 2752 999 2837 intestinis
1044 2752 1326 2822 inficitur
1355 2758 1592 2842 salibus
1633 2761 1864 2837 acidis,
1906 2759 1970 2825 &
2024 2755 2261 2824 deinde
2320 2757 2633 2825 immistus
2654 2757 2813 2843 sali-

218 2841 335 2905 bus
397 2838 788 2920 ixivialibus,
833 2838 1068 2923 quibus
1099 2856 1331 2903 eorum
1377 2840 1678 2926 glandula
1720 2838 2054 2925 mesenterii
2111 2838 2438 2905 abundant
2503 2842 2820 2924 fervorem

222 2920 290 2986 ἂ
336 2920 726 2986 ebullitionem
769 2920 1090 3004 quandam
1124 2921 1411 2986 excitare
1441 2919 1990 3016 poss'untsprout
2021 2920 2378 2987 eorundem
2469 2936 2649 2988 atura
2682 2923 2821 2990 exi-

158 3024 171 3029 ·
272 3003 362 3084 it)
408 3001 446 3066 a
484 3020 607 3087 qua
652 3022 750 3068 cor
791 3001 1225 3068 mediantibus
1267 3006 1477 3070 nervis
1520 3002 1917 3070 mordicatus
1958 3006 2388 3070 commotionem
2428 3002 2492 3070 δι
2548 3006 2820 3072 ardorem

200 3022 494 3169 fictricem
521 3083 811 3150 excitare
854 3082 1094 3168 potest.

310 3164 788 3231 Connumerari
840 3166 948 3232 hic
991 3184 1252 3251 quoque
1277 3168 1541 3252 poffunt
1581 3167 2075 3254 excandefirentioe
2104 3171 2443 3256 podagrice
2472 3216 2494 3251 ,
2556 3166 2619 3234 δε
2676 3169 2822 3235 aliae

205 3245 852 3393 sertomaticoe‚·de
882 3248 1116 3332 quibus
1160 3247 1452 3334 superius
1495 3250 1784 3333 egimus,
1828 3246 2394 3336 ostendimusque,
2440 3268 2671 3317 omnes
2736 3250 2819 3316 ab

233 3344 311 3392 ea
358 3346 464 3393 em

520 3326 698 3411 caasa
740 3328 1115 3396 1mmediate
1154 3330 1475 3416 produci,
1534 3346 1778 3418 nempe
1821 3330 1905 3399 ab
1963 3334 2257 3400 irratione
2295 3333 2526 3414 cordis,
2569 3329 2737 3398 facta
2779 3330 2820 3398 ὲ

208 3407 423 3497 succis
464 3411 705 3477 nerveis
749 3413 1014 3480 acribus.
2733 3428 2742 3438 “
