3419 4538
1082 95 2015 242 ANlquth-JNL
2198 178 2205 184 -
2738 146 2914 219 ’153

297 285 359 354 ἀ
393 278 802 350 dormiendo
811 277 1003 372 pedes
1032 274 1252 342 inflexi
1281 275 1343 341 dt
1373 276 1706 364 decurtati
1727 279 1998 345 retineri
2027 278 2425 346 debuerant:
2467 277 2666 364 igitur
2706 281 2913 365 magis

302 365 531 450 apti&
563 357 854 444 dispofiu
886 357 1016 424 ess'e
1048 357 1415 423 debuerunt
1442 357 1734 441 musculi,
1778 360 1856 425 ad
1909 361 2308 427 incurvatam
2357 358 2765 427 fituationem
2807 373 2910 443 pe-

304 451 448 512 dur-
476 440 933 519 retinendam,
1078 457 1138 502 m
1171 436 1252 501 ad
1285 437 1596 503 directam
1628 456 1855 504 eorum
1889 438 2361 507 extensionem.
2413 439 2591 505 Hinc
2634 440 2907 507 deduci-

317 544 468 604 tur,
508 523 686 615 quod
731 534 960 584 natura
1012 539 1040 583 s
1068 515 1326 583 fituatio
1356 520 1750 584 articulorum
1780 521 1995 586 avium
2027 519 2103 585 fit
2134 523 2345 587 multo
2376 521 2580 606 magis
2625 520 2906 602 inflexa,

316 623 609 691 quam-m
636 600 1049 686 horninibus,
1095 612 1169 663 ut
1194 613 1380 682 patet
1407 598 1544 685 Fig.
1589 619 1652 680 4.
1701 599 1905 665 TAB.
1957 598 2072 666 XL
2120 597 2366 667 scilicet
2387 600 2786 668 constituant
2802 618 2911 667 an·-

319 687 527 772 gulos
553 683 731 749 valde
766 695 1014 745 acutos
1063 678 1361 764 Cumque
1389 681 1695 745 naturalis
1737 681 2129 765 musculorum
2171 681 2554 747 constitutio
2600 684 2802 767 aptari
2848 682 2913 748 Gt

315 763 716 833 conformari
746 760 1053 827 debuerit
1082 757 1479 844 dispositioni
1518 762 1793 826 naturali
1824 763 2254 844 articulorum,
2300 763 2452 828 hinc
2484 759 2597 842 fit,
2644 778 2720 828 ut
2756 760 2915 847 mus·

316 849 449 914 culi
475 843 846 928 mersores,
888 841 999 925 qui
1031 859 1151 925 per
1177 839 1454 905 ambitus
1483 858 1822 918 convexos
1853 844 2246 909 articulorum
2275 840 2677 909 circumduci
2709 843 2912 909 debe·

311 921 515 1007 hant,
560 926 600 1006 (
627 925 736 1018 a)
775 921 1108 1007 longiores
1135 919 1280 986 fieri
1305 920 1658 986 debuerint
1681 968 1704 1003 ,
1749 940 1938 1005 quam
1983 924 2235 1009 musculi
2260 923 2522 1070 glexores
2607 923 2716 1006 qui
2761 922 2910 989 bre·

311 1007 798 1075 viori‘circmtu
828 1002 1186 1067 cavitatum
1213 1002 1609 1067 articulorum
1637 1003 2142 1072 commensurari
2174 1005 2258 1070 de
2308 969 2907 1070 ebant.Neceffitns

298 1085 634 1176 praedistae
662 1082 1115 1168 inaequalitatis
1146 1080 1350 1152 facile
1379 1082 1739 1168 percipitur
1767 1101 1852 1147 ex
1884 1102 2009 1164 eo,
2054 1084 2230 1170 quod
2263 1085 2544 1168 plurium
2590 1083 2910 1150 linearum

303 1185 700 1245 curvarum,
754 1164 927 1231 inter
956 1157 1021 1228 se
1058 1158 1639 1246 aequidistantium,
1686 1162 2082 1259 eosdemque
2128 1165 2439 1230 terminos
2486 1162 2910 1255 habentium,

303 1247 563 1343 semper
591 1247 915 1326 internae,
959 1260 1269 1311 concavae
1299 1242 1361 1309 ἁ
1389 1259 1753 1325 contentae,
1799 1244 2135 1313 breviores
2164 1246 2185 1311 ί
2194 1261 2309 1313 unt
2336 1245 2652 1312 convexis
2698 1258 2907 1311 couti·

301 1327 636 1398 nemim.

801 1485 1856 1580 praeposvi-10
1964 1485 2442 1590 CXLVI.
2570 1549 2577 1556 ·

837 1690 1295 1800 Inquiritur
1324 1684 1578 1773 modus
1594 1745 1626 1790 ‚
1678 1715 1826 1801 quo
1859 1691 2086 1776 Aves
2121 1688 2369 1797 stant.

348 1962 364 1975 ·
382 1878 757 1958 Videmus,
795 1874 977 1962 quod
1004 1893 1220 1961 neque
1251 1873 1479 1943 stando
1497 1924 1520 1960 ,
1563 1895 1775 1973 neque
1804 1880 2318 1967 perambulando
2349 1882 2562 1948 avium
2583 1878 2761 1962 pedes
2806 1875 2903 1943 di·
3012 1900 3027 1914 ·

311 1975 653 2044 figuntur,
696 1973 806 2052 ut,
852 1976 1080 2023 eorum
1109 1959 1393 2023 articulis
1422 1976 1693 2026 ommno
1726 1963 2102 2048 explicatis,
2145 1963 2292 2047 qffeoe
2337 1965 2610 2028 columna·
2656 1957 2899 2024 rectam

310 2042 560 2106 lineam
592 2036 1025 2118 constituant,
1071 2037 1133 2104 δι
1161 2038 1239 2103 ad
1274 2036 1464 2105 instar
1494 2040 1943 2109 columnarum
1963 2090 1985 2122 ‚
2030 2041 2664 2136 perpendiculariter
2691 2037 2894 2122 plano

313 2119 708 2186 horizontali
743 2119 1130 2197 innitantur,
1175 2135 1248 2184 ut
1278 2119 1341 2185 in
1357 2118 1732 2186 hominibus
1759 2125 2119 2206 contingit,
2162 2119 2543 2207 sedsemper
2558 2117 2752 2185 vestes
2771 2116 2900 2201 qffei
3010 2138 3017 2145 ·

294 2204 530 2287 pedam
557 2197 972 2287 complicati,
997 2200 1078 2266 ,δι
1107 2200 1187 2265 ad
1222 2201 1499 2266 invicem
1530 2201 1819 2267 inclinati
1848 2202 1926 2267 ad
1956 2203 2230 2284 angulos
2245 2217 2473 2267 acutos
2489 2198 2798 2264 sustinent
2813 2214 2900 2261 ex

289 2298 547 2350 centro
577 2281 909 2368 gravitatis
939 2279 1297 2347 machinam
1340 2282 1477 2347 avis
1519 2299 1815 2365 pronam.
1864 2281 1964 2346 Ex
2011 2300 2095 2346 eo
2138 2285 2156 2346 i
2208 2282 2373 2362 itur,
2417 2279 2594 2365 quod
2641 2278 2779 2343 avis
2806 2274 2896 2342 fic

289 2363 470 2433 fulta
497 2358 889 2448 statabsque
936 2362 1152 2442 ruina,
1199 2361 1580 2443 deducitur,
1626 2362 1806 2447 quod
1851 2362 2021 2443 linea
2062 2382 2133 2427 re
2279 2358 2730 2447 propensionis
2744 2403 2767 2436 ,
2815 2373 2903 2421 ex

295 2460 538 2513 emto
572 2443 909 2539 gravitatis
938 2443 1074 2507 avis
1150 2441 1732 2529 erpendiculariter
1760 2444 1840 2509 ad
1872 2443 2286 2509 horizontale
2364 2442 2583 2507 lanum
2627 2437 2895 2518 educta,

301 2523 554 2591 ineidat
580 2544 646 2589 m
671 2519 713 2588 s
749 2525 951 2590 atium
987 2525 1029 2589 a
1048 2536 1093 2607 p
1158 2539 1265 2590 uta
1294 2523 1484 2590 unius
1503 2528 1677 2607 pedis
1708 2539 2147 2609 occupatum,
2178 2524 2288 2590 vel
2383 2520 2642 2589 duobus
2645 2521 2898 2605 pedibus
2981 2606 2987 2615 ἡ

305 2543 867 2688 mmpveneuium.
1291 2648 1298 2651 -

303 2711 314 2720 ·
392 2683 710 2751 steterea
739 2703 828 2750 ex
855 2702 981 2764 en,
1024 2685 1201 2768 quod
1231 2703 1459 2751 omnes
1489 2701 1767 2772 quatuor
1795 2689 2046 2753 articuli
2075 2685 2453 2772 complicati
2484 2681 2670 2764 sunt,
2689 2678 2894 2765 sequi-

302 2779 418 2831 tur
459 2812 483 2846 ,
521 2766 697 2851 quod
727 2766 946 2831 nullus
977 2767 1278 2830 articulus
1309 2769 1621 2832 retinetur
1649 2769 1714 2833 in
1748 2769 1853 2833 tali
1886 2767 2005 2833 fitu
2048 2767 2293 2834 inflexo
2335 2768 2590 2833 actione
2635 2762 2892 2841 tonica,

298 2841 554 2912 scilicet
578 2845 1010 2931 operantibus
1038 2846 1317 2924 musculis
1344 2844 1737 2992 antagomi'fis
1770 2850 1994 2943 aequali
2038 2852 2141 2915 vi:
2186 2845 2295 2915 sed
2339 2845 2595 2914 necess'e
2642 2842 2772 2922 est,
2819 2854 2895 2906 ut

291 2923 417 2993 soli
443 2927 706 3013 musculi
734 2927 1066 3009 exterffores
1096 2943 1308 2992 totum
1342 2944 1386 2991 o
1437 2945 1508 2992 us
1538 2924 1605 2992 su
1661 2930 2011 2996 eutationis
2040 2948 2198 3014 pera
2242 2943 2389 3008 ant,
2432 2929 2496 2994 in
2532 2927 2673 2992 otio
2688 2939 2895 2989 rema·

287 3007 621 3074 flentibus
648 3004 924 3089 madentis
936 3004 1292 3089 stercoribus.
1414 3024 1510 3072 aec
1538 3011 1756 3074 omnia
1783 3008 1982 3076 facile
2013 3030 2098 3076 ex
2126 3010 2190 3076 di
2261 3012 2312 3077 is
2360 3011 2729 3077 eliciuntur.

736 3164 1779 3261 Pnoposxmo
1896 3168 2430 3275 CXLVII.

300 3361 776 3481 Qut,
885 3332 1082 3454 ηανξ
1115 3370 1342 3454 Aves
1379 3394 1524 3453 uno
1609 3369 1740 3454 ede
1768 3374 2061 3456 innixae
2057 3370 2382 3478 facilius
2368 3364 2605 3478 stant
2618 3424 2647 3471 ,
2663 3389 2896 3481 quam

817 3394 1169 3565 gomines.
1226 3471 1504 3567 TAB.
1550 3386 1716 3568 ςζί.
1774 3486 1948 3594 Fig.
2011 3484 2084 3584 34
2143 3479 2257 3589 &²
2286 3504 2368 3594 4.
2875 3495 2878 3499 ’

367 3657 603 3753 Ratio,
645 3678 850 3746 quare
881 3660 1182 3756 homines
1212 3681 1345 3759 uno
1369 3667 1516 3749 pede
1547 3665 1751 3732 innixi
1783 3663 2048 3759 difficile
2078 3663 2282 3762 stant,
2327 3663 2460 3746 est,
2498 3664 2654 3812 guia
2668 3661 2758 3729 ob
2773 3680 2886 3757 va-

273 3739 701 3832 cinationem
734 3759 911 3825 aegre
941 3758 1256 3837 retinetur
1281 3745 1455 3811 linea
1475 3744 1933 3840 propensionis
1969 3745 2083 3813 AB
2100 3745 2234 3839 fig.
2254 3766 2322 3842 3:
2364 3745 2492 3811 TA
2557 3794 2573 3810 .
2618 3741 2744 3836 XI..
2768 3738 2889 3807 scr-

265 3819 452 3889 lrcet
480 3838 836 3970 effoecenltro
866 3837 1202 3911 gravitatis
1235 3826 1318 3893 ad
1343 3826 1761 3937 horizontem
1798 3827 2427 3977 perpendiculariter
2455 3823 2685 3897 educta
2723 3836 2895 3983 1133}

497 3981 544 4069 (
571 4002 616 4052 a
641 3983 685 4069 )
723 3980 923 4073 Prop.
975 4002 1123 4074 130.
1166 3986 1375 4072 hujus.
