3419 4538
1240 227 1690 304 ·USU.
2706 241 2829 314 181

202 391 380 478 «nafis
408 386 751 475 exsugamr
779 384 914 452 bilis
959 379 1238 478 existens
1269 381 1334 448 in
1366 380 1693 467 intestinis.
1761 385 1934 455 Haec
1977 399 2197 456 autem
2228 390 2375 472 vasa
2421 388 2542 456 alia
2576 388 2614 456 a
2647 393 2830 457 venis

199 477 556 560 meffaraicis
586 468 715 535 effe
761 487 894 533 non
922 465 1104 562 posse
1133 464 1473 559 vldentur:
1514 467 1769 550 primo,
1813 473 1962 556 quia
1998 474 2260 539 tertium
2285 491 2491 557 genus
2506 472 2829 556 vasorum,

200 573 463 644 praeter
488 551 783 643 chylifera
799 548 1201 643 &sangumga
1216 592 1240 627 ,
1260 564 1327 639 ¹.¹¹
1356 547 1693 631 mesenterio
1722 569 1858 618 non
1887 552 2502 637 apparet3secundo
2519 600 2543 635 ,
2563 555 2712 638 quia
2726 554 2824 618 vi·

203 641 449 706 demus
478 636 544 701 in
587 630 893 697 omnibus
910 627 1227 712 musculus,
1271 645 1339 692 m
1368 632 1539 695 corde
1565 632 1628 697 ὅτ,
1656 631 1843 716 liene,
1937 634 2071 700 uod
2114 655 2409 701 venarum
2452 635 2821 721 amplitudo

199 716 473 805 superat
505 710 1166 806 crasfitiemsociarum
1202 711 1611 804 arteriarum,
1655 731 1793 782 non
1850 735 1893 801 p
1925 736 2035 797 ειε,
2081 736 2273 802 quam
2320 734 2458 800 ter,
2508 716 2617 782 vel
2662 736 2818 802 qua·-

204 818 360 882 ter,
402 816 553 866 cum
583 796 1263 861 diametr1cav1tatum
1298 787 1418 855 fint
1447 811 1514 857 ln
1563 794 1800 862 minori
1846 799 2315 882 proportione,
2357 818 2547 884 quam
2594 798 2818 884 dupla.

210 884 313 952 At
355 882 420 947 in
455 881 755 970 placenta·
778 878 1025 969 uterina
1048 869 1524 967 sarnificationqs
1566 896 1731 941 venoe
1768 879 2127 945 umbilicalis
2171 898 2312 946 tum
2342 879 2765 947 multitudine
2795 924 2828 961 ,
2929 923 2935 929 ·

217 983 369 1032 tum
396 957 913 1050 amplitudinem
941 971 1168 1037 maJon
1180 967 1619 1037 proportione
1649 954 1969 1042 superant,
1975 961 2166 1039 socias
2193 966 2492 1043 arterias,
2570 981 2716 1025 uam
2748 963 2818 1029 in

220 1044 505 1127 musculis
538 1038 949 1118 crasfissimns,
992 1038 1163 1101 corde
1189 1036 1251 1100 ἂ
1280 1036 1431 1099 liene
1460 1036 1742 1118 ejusdem
1774 1043 2086 1107 animalis.
2173 1043 2257 1119 Et
2285 1044 2453 1109 ratio
2487 1064 2524 1107 e
2596 1088 2621 1122 ,
2666 1044 2820 1126 quia
2899 1040 2908 1052 '

216 1129 292 1195 in
325 1122 606 1208 musculis
633 1140 797 1185 venae
828 1119 1140 1201 excipere
1178 1113 1428 1208 debent
1458 1116 1606 1213 fere
1638 1122 1913 1187 eandem
1948 1125 2192 1189 molem
2219 1125 2534 1211 sanguinis
2554 1171 2575 1204 ,
2621 1141 2821 1207 quam

185 1210 384 1298 ,βείω
419 1204 663 1272 arteria
701 1196 1212 1293 effuderant;·&
1257 1197 1411 1290 ideo
1454 1196 1724 1283 sufficit,
1774 1220 1844 1269 ut
1886 1197 2342 1289 amplitudines
2384 1225 2676 1270 venarum
2718 1203 2816 1267 su-

309 1303 461 1356 rent
503 1303 579 1350 ca
629 1282 896 1376 acitates
935 1292 1304 1373 arferzarum
1348 1285 1685 1375 meadem
1739 1286 2082 1369 reciproca
2141 1289 2574 1373 proportione
2603 1333 2626 1368 ,
2691 1302 2819 1371 qua
2918 1321 2922 1326 «

184 1310 307 1461 fle
412 1373 469 1436 is
509 1386 596 1432 ve
626 1382 811 1429 ocius
855 1375 1059 1427 currit
1088 1376 1207 1444 per
1253 1370 1553 1441 artemas,
1599 1383 1790 1447 quam
1832 1385 1952 1450 per
1979 1387 2190 1435 venas.

370 1465 397 1517 t
434 1465 666 1516 munus
698 1465 861 1537 venat
887 1440 1245 1537 ambilicalis
1274 1437 1405 1535 est,
1427 1443 1738 1537 excipere
1768 1466 2012 1514 novum
2041 1463 2453 1534 proventum,
2489 1471 2526 1516 a
2663 1449 2818 1528 ἠὺ,

210 1534 262 1603 ὲ
314 1533 586 1617 placenta
638 1521 1220 1618 submmlstratum,
1250 1540 1388 1615 ‚qux
1449 1524 1704 1618 additur
1742 1528 2095 1618 sanguini,
2155 1528 2407 1597 transmi
2460 1552 2505 1597 o
2548 1550 2582 1597 a
2656 1543 2818 1596 arte·

205 1619 338 1684 riis
368 1611 840 1689 umbilicalibus,
886 1624 995 1690 qui
1031 1599 1297 1671 inservlt
1328 1604 1539 1670 velut}
1572 1608 1950 1676 veniculum
1991 1612 2202 1694 illius;
2246 1615 2307 1679 ὅτ.
2335 1612 2489 1680 ideo
2522 1626 2819 1697 oportet,

207 1713 296 1765 ut
342 1691 689 1780 proportio
735 1689 849 1755 illa
891 1699 1234 1770 augeatur:
1281 1704 1344 1749 v.
1391 1705 1455 1770 g.
1499 1684 1545 1751 fi
1574 1703 1738 1755 venae
1779 1693 2142 1759 umbilicales
2185 1691 2509 1778 suscipere
2567 1693 2820 1759 debent

201 1798 302 1846 ex
323 1780 604 1863 placenta
634 1771 878 1863 molem
890 1768 1106 1853 succi,
1149 1766 1463 1861 aequalern
1505 1771 1842 1838 medietati
1876 1775 2011 1857 ejus
2031 1821 2054 1856 ,
2100 1795 2242 1861 quae
2272 1775 2353 1841 ab
2384 1775 2827 1842 ambitio-atibus

201 1862 466 1927 arteriis
495 1850 978 1932 transmittitur3
1022 1850 1093 1937 ὃς
1124 1844 1520 1946 iitvelocltae
1541 1851 1874 1940 sanguinis
1952 1875 2022 1921 er
2066 1860 2331 1923 arterias
2379 1855 2582 1924 fuerit
2628 1853 2822 1938 tripla

202 1942 430 2023 illiue,
471 1956 595 2025 qua
622 1951 955 2021 pervertas
981 1928 1343 2023 umhlzcales
1372 1930 1580 2025 redit,
1627 1954 1763 2001 non
1793 1936 1860 2003 su
1934 1939 2024 2004 cit
2053 1939 2251 2024 triplo
2298 1940 2676 2026 capaciores
2721 1958 2828 2002 ve·

205 2043 333 2091 ms
362 2016 692 2098 effecisse,
735 2010 849 2081 sed
880 2014 1322 2095 multo-magis
1353 2012 1606 2080 dllatari
1637 2016 1924 2101 debent,
1965 2015 2217 2086 scilicet
2262 2038 2489 2106 quater
2545 2038 2697 2087 cum
2731 2019 2832 2085 di-

210 2105 468 2184 midi03
514 2100 602 2167 fic
631 2098 805 2164 enim
836 2097 1148 2189 excipere
1189 2090 1451 2175 poss'unt
1476 2096 1840 2182 sanguinem
1867 2102 2224 2185 arteriasum
2245 2121 2393 2168 cum
2424 2103 2829 2168 additamen-

214 2202 301 2253 to
347 2178 558 2250 effuso
598 2180 637 2246 a
665 2181 967 2263 placenta.
1048 2175 1233 2243 Hinc
1268 2188 1491 2271 patet,
1538 2178 1716 2260 quod
1759 2199 1923 2245 venoe
1967 2182 2285 2247 revehere
2325 2182 2584 2266 possunt
2623 2184 2827 2248 alium

189 2267 466 2356 succum
490 2279 728 2350 praeter
750 2259 1154 2356 sanguinem,
1199 2253 1237 2322 ὲ
1290 2275 1422 2321 octa
1447 2262 1681 2325 arteria
1725 2258 2088 2330 immifl‘um.
2177 2262 2344 2329 Hoc
2377 2265 2623 2349 pariter
2667 2281 2829 2328 con-

213 2349 518 2419 firmatur
558 2345 639 2411 ab
679 2342 1111 2431 experientia:
1155 2360 1221 2405 vi
1312 2355 1463 2403 mus
1488 2341 1700 2423 enim,
1749 2342 1928 2429 quod
1957 2343 2070 2410 diu
2100 2361 2428 2411 morantes
2459 2346 2524 2412 in
2573 2344 2831 2411 balneis

216 2425 497 2515 copiose
524 2427 824 2508 meiunn
880 2422 1104 2512 Quare
1150 2433 1461 2505 oportet,
1504 2439 1578 2488 ut
1622 2443 1782 2509 aqua
1811 2423 1848 2489 a
1879 2429 2054 2491 venis
2093 2421 2472 2512 exsugamr,
2515 2427 2577 2495 δι
2606 2427 2674 2493 in
2732 2447 2836 2492 re·

215 2516 403 2580 nibus
433 2509 832 2594 exsanguine
856 2501 1217 2599 seperetur.
1296 2499 1556 2586 Modo,
1599 2503 1766 2571 ficut
1808 2506 1872 2573 in
1905 2507 2187 2590 placenta
2228 2512 2509 2588 uterina,
2550 2507 2639 2576 fic
2669 2525 2834 2593 quo-

222 2613 358 2680 que
384 2594 453 2659 in
493 2590 834 2675 mesenterio
871 2588 1206 2664 videmuS,
1253 2574 1438 2667 quod
1464 2590 1697 2653 arteria
1725 2587 2110 2672 mqfemericae
2134 2589 2308 2658 adeo
2345 2591 2538 2658 exilis
2572 2587 2705 2671 est,
2750 2602 2831 2657 ut

229 2677 371 2759 ejus
399 2674 720 2739 diameter
758 2668 972 2735 minor
1005 2666 1083 2732 fit
1128 2676 1393 2758 quarta,
1436 2668 1547 2734 vel
1575 2670 1798 2754 quinta
1829 2684 2012 2754 parte
2071 2672 2370 2738 diametri
2401 2693 2565 2739 vem
2601 2682 2831 2767 portae,

220 2758 290 2824 in
339 2775 467 2840 qua
507 2770 737 2819 omnes
779 2749 1105 2834 mesaraicae
1131 2746 1569 2843 colliguntur.
1668 2749 2093 2842 Quapropter
2131 2756 2371 2819 arteria
2419 2754 2834 2839 ampl1tud0,
2892 2776 2900 2785 ·

224 2834 347 2904 feu
392 2833 688 2919 orificium
726 2851 859 2900 non
903 2832 1029 2897 erit
1060 2847 1269 2895 minus
1310 2838 1366 2916 ξ,
1405 2831 1515 2895 vel
1557 2841 1613 2923 ,ξ
1652 2848 1842 2916 parte
1888 2835 2107 2916 orificii
2145 2855 2309 2901 venae
2337 2848 2545 2920 portae.
2630 2836 2719 2902 Et
2752 2836 2831 2902 li·

224 2952 346 3003 cet
396 2934 661 3002 tarditas
703 2943 903 2997 motus
939 2930 1042 2996 san
1131 2932 1253 2995 ἰπὶ-ε
1324 2933 1392 2998 in
1432 2925 1758 3012 praediffls
1822 2930 2000 2992 venis
2058 2928 2276 3014 exigat
2332 2927 2658 2995 excess'um
2716 2930 2836 2996 ali-

274 3036 429 3083 uem
471 3012 949 3099 amplitudinis3
993 3031 1058 3077 n1
1108 3011 1415 3080 ilominus
1444 3026 1575 3076 tam
1620 3007 1880 3102 grandis
1908 3009 1972 3075 dc
2002 3006 2357 3094 superfluus
2402 3010 2691 3078 excess‘us
2732 3012 2836 3077 vi·

227 3035 428 3165 getul-
469 3113 835 3180 repugnare
910 3093 1166 3177 legibus
1227 3090 1692 3181 regulatiflimis
1751 3087 2025 3156 Naturae
2053 3138 2076 3173 ,
2141 3111 2283 3176 quae
2338 3095 2844 3177 proportionata

226 3180 379 3266 vasa
403 3179 701 3265 sanguini
747 3173 1114 3242 deferendo
1144 3174 1205 3240 &
1238 3172 1636 3260 excipiendo
1724 3169 2077 3239 efformare
2118 3169 2318 3255 solet,
2357 3174 2542 3257 juxta
2574 3176 2847 3261 exigen-

233 3261 391 3331 tiam
436 3261 680 3338 carnis,
726 3272 835 3324 aut
876 3256 1163 3340 visceris,
1211 3257 1321 3341 qui
1355 3254 1584 3321 nutriri
1674 3252 1852 3318 ebet.
2416 3331 2419 3334 ⁴
2637 3262 2644 3271 ²

315 3339 496 3407 Hinc
522 3339 908 3419 con‘icitur,
957 3337 1130 3422 quod
1176 3351 1304 3404 tam
1349 3334 1525 3403 vasta
1569 3334 1762 3419 copia
1804 3332 1866 3399 ὅ(
1904 3333 2265 3419 amplitudo
2322 3355 2616 3403 venarum
2658 3336 2848 3421 mesa·

232 3426 539 3491 micarum
565 3419 606 3485 f
699 3440 734 3485 a
764 3418 876 3500 iit,
925 3436 997 3484 ut
1028 3418 1337 3504 excipere
1368 3418 1607 3504 poffint
1636 3415 1834 3481 alium
1851 3415 2141 3499 succum,
2175 3418 2796 3503 praetersanguinem
2817 3466 2853 3500 ,

231 3506 271 3573 a
294 3505 469 3591 socia
493 3503 728 3569 arteria
770 3498 1148 3567 immiffum:
1188 3502 1249 3568 ἀ
1292 3499 1574 3587 proinde
1613 3495 1972 3582 probabile
2008 3496 2140 3578 est,
2182 3499 2366 3584 quod'
2406 3519 2491 3565 ex
2531 3494 2839 3584 intestinis

234 3587 571 3680 excipiant
612 3602 747 3650 non
778 3584 1081 3676 exiguam
1113 3600 1149 3647 c
1246 3584 1375 3649 iam
1386 3581 1563 3665 succi
1589 3575 1836 3662 chylofi,
1884 3578 1992 3643 cui
2024 3592 2326 3662 tanquam
2356 3581 2663 3651 vehiculo
2709 3583 2867 3647 bilis

232 3670 522 3735 admlxta
550 3663 666 3746 fit,
711 3679 787 3730 ut
813 3664 1127 3747 deinceps
1218 3660 1779 3730 emonstrabimus.
1827 3658 1996 3726 Haec
2025 3660 2251 3744 postea
2284 3663 2561 3730 collecta
2593 3666 2657 3730 in
2689 3684 2857 3730 vena*

222 3762 453 3835 γον-τω,
497 3747 719 3813 denuo
757 3747 822 3813 in
856 3747 924 3810 be
964 3756 1061 3809 ate
1089 3744 1445 3833 asangaine
1479 3742 1846 3827 separatur,
1881 3742 1953 3807 ἀ
1993 3742 2060 3807 in
2106 3744 2253 3828 vasa
2309 3743 2514 3831 biliosa
2555 3746 2861 3812 immitti·
2897 3794 2905 3801 .

234 3847 384 3911 tur,
426 3830 489 3896 δι
517 3828 673 3893 hinc
704 3826 885 3913 digre
941 3846 1017 3907 a,
1063 3827 1282 3892 denuo
1326 3843 1571 3892 novum
1613 3826 1941 3915 circuitum
1968 3843 2089 3909 per
2123 3821 2449 3911 intestina,
2490 3828 2553 3896 &
2581 3847 2701 3913 pet
2744 3846 2861 3892 ve·

234 3933 352 3983 nas
380 3910 737 3998 mesaraicas
778 3908 1103 3977 reiterans
1132 3909 1385 3978 vicibus
1419 3902 1720 3976 absolvrt.

1501 4118 1772 4211 (ZJ3
2648 4080 2876 4216 PR&
