3419 4538
1069 149 2103 233 P‘RIMARIO.
2767 169 2895 249 ης

283 333 479 384 vacuo
515 303 941 388 Torrz’celliano
970 330 1101 395 ope
1133 312 1169 377 h
1221 312 1533 395 drargyri.
1618 310 1717 377 Ibi
1746 311 1920 378 enim
1948 313 2164 377 omnia
2182 301 2734 379 animaliainc'lusa
2749 327 2892 377 mo·

284 414 519 465 mento
548 394 935 460 moribunda
966 395 1158 459 conci
1210 410 1364 474 unt,
1408 397 1468 458 ά
1502 393 1551 460 fi
1577 393 1795 458 denuo
1841 391 2122 458 sollicite
2167 399 2267 460 ae'r
2313 392 2719 473 restituatur,
2767 411 2874 458 ea·

291 480 450 546 dem
479 475 772 542 animalia
801 469 1214 540 reviviscunt.
2438 511 2442 515 >

375 559 462 624 Et
495 557 803 636 adverte,
848 555 1026 640 quod
1056 551 1287 619 mustae
1321 555 1381 620 ἀ
1412 553 1657 648 reliqua
1700 551 1938 622 insecta
1988 555 2319 638 animalia,
2365 575 2576 636 ranae,
2622 556 2893 621 lacertae>

286 643 351 709 ἅ
378 659 450 705 re
501 635 676 716 tilia,
721 655 902 719 quae,
946 637 1261 701 truncatis
1299 637 1686 720 corporibus
1716 639 1776 703 ὅτ,
1807 636 2042 721 absque
2072 643 2305 721 capite,
2337 637 2469 703 fine
2488 632 2885 703 corde&abs-

284 741 415 808 que
425 659 775 865 sszrffiuine,
823 737 941 801 per
971 716 1233 799 aliquod
1269 733 1524 801 tempus
1559 718 1910 800 vivebant,
1957 721 2018 785 dt
2044 740 2079 784 a
2127 719 2450 784 itabantur
2480 721 2545 784 in
2574 722 2758 783 medio
2789 721 2885 782 αέ-

279 824 426 950 ἒεο,
466 821 560 886 ρο
620 817 700 865 ea
740 799 807 864 in
859 800 969 865 tali
1009 817 1197 863 vacuo
1245 795 1490 881 posita,
1533 816 1772 883 nempe
1801 804 1971 881 ab're,
2019 799 2088 865 su
2135 801 2231 866 ito
2266 801 2501 868 cadant
2530 800 2886 884 agonizan-

331 903 375 951 ο

322 1011 329 1017 ψ
371 963 500 1044 Et,
548 961 726 1048 quod
769 961 971 1045 magis
1014 961 1290 1040 mirere,
1340 955 1593 1043 pisces,
1674 961 1740 1026 ui
1791 980 1923 1027 non
1972 961 2317 1046 respirant,
2362 963 2424 1029 ὅτ
2473 963 2538 1029 in
2587 978 2749 1046 aqua
2777 961 2889 1027 de·

281 1043 476 1114 merfi
506 1041 760 1127 semper
790 1042 1069 1126 degunt,
1118 1043 1344 1107 vivere
1373 1059 1508 1106 non
1535 1061 1625 1126 po
1681 1056 1835 1123 unt,
1868 1042 2197 1108 fiomnino
2213 1046 2356 1107 ak‘re
2371 1044 2726 1127 privantur.
2752 1042 2885 1107 Ex-

286 1125 617 1213 perientia
649 1124 821 1188 enim
849 1122 1191 1202 constare‚'
1227 1125 1315 1187 ait
1346 1120 1788 1204 Gassteunus,
1837 1125 2017 1207 quod
2047 1126 2115 1189 in
2147 1123 2378 1217 stagnis
2430 1125 2723 1208 glaciatis
2763 1113 2886 1206 pis-

288 1228 407 1274 ces
436 1221 755 1291 pereunt,
803 1202 916 1269 nifi
953 1203 1332 1288 perforetur
1363 1203 1641 1287 glacies;
1687 1205 1749 1270 δι
1781 1220 1934 1270 tnnc
1966 1220 2139 1298 tanta
2178 1206 2487 1271 aviditate
2518 1206 2596 1270 ad
2624 1200 2865 1268 sorben

292 1291 457 1356 dum
483 1289 671 1352 afrem
700 1302 1084 1363 accurrunt,
1131 1300 1201 1350 ut
1229 1285 1556 1349 turmatim
1601 1289 1807 1350 buccis
1838 1302 2077 1369 apertis
2107 1286 2186 1352 ad
2215 1289 2373 1350 ak'ris
2407 1286 2763 1352 confinium
2781 1301 2885 1348 ac-

298 1371 557 1436 cedant.
637 1365 934 1447 Itemque
965 1365 1294 1448 pisciculi,
1386 1366 1449 1428 ui
1484 1366 1546 1440 in
1579 1365 1909 1450 amphoris
1940 1368 2166 1432 vitreis
2195 1365 2417 1432 inclusi
2464 1382 2725 1446 natant,
2769 1365 2889 1430 ibi·

297 1452 452 1518 dem
481 1463 701 1532 aperto
729 1439 1034 1529 supremo
1064 1446 1320 1513 orificio
1396 1446 1459 1511 iu
1490 1447 1755 1527 vivunt,
1804 1466 1933 1532 quo
1965 1445 2181 1511 clauso
2214 1448 2350 1513 cito
2379 1461 2677 1532 pereunt.

380 1532 468 1597 Et
498 1531 801 1611 adverte,
844 1527 1025 1611 quod
1055 1542 1228 1593 tanta
1259 1527 1531 1592 aviditas
1564 1531 1725 1592 aie'ris
1762 1529 1822 1592 in
1856 1525 2135 1612 piscibus
2165 1547 2296 1593 non
2379 1531 2578 1594 endet
2621 1548 2706 1594 ex
2752 1531 2886 1593 ina·

288 1614 544 1679 nitione
587 1610 762 1675 illius
806 1607 1068 1689 veficuloe
1114 1607 1387 1688 inflatae,
1436 1627 1559 1692 qua
1604 1607 2094 1693 aequilibrantur
2140 1612 2203 1674 in
2237 1611 2301 1694 ip
2333 1630 2368 1674 a
2400 1630 2599 1695 aqua3
2645 1610 2891 1676 namin

287 1689 576 1777 piscibus
610 1690 882 1755 mortuis
910 1686 1027 1770 sub
1055 1689 1265 1773 glacie
1298 1686 1495 1767 vesfcae
1527 1690 1941 1773 reperiuntur
1973 1689 2203 1756 inflatae
2238 1710 2459 1777 aeque,
2507 1712 2583 1758 ac
2630 1695 2695 1758 iu
2749 1691 2889 1757 aliis

288 1772 694 1840 viventibus.
775 1770 1099 1836 Praeterea
1130 1771 1406 1835 vidimus
1437 1771 1500 1835 in
1533 1772 1874 1844 Academia
1891 1770 2373 1856 Experimentali
2402 1772 2650 1839 Medica
2670 1822 2690 1855 ,
2715 1777 2893 1859 quod

287 1850 526 1941 piscis,
575 1853 754 1934 cujus
798 1854 947 1917 talis
997 1849 1188 1930 vefica
1234 1849 1517 1935 disrupta
1564 1852 1822 1934 fuerat,
1868 1854 1932 1919 δε
1964 1856 2285 1921 exinanita
2334 1856 2396 1920 in
2445 1876 2635 1922 vacuo
2689 1856 2898 1920 Torri-

292 1935 579 2016 celliano,
627 1932 948 2017 extraCtus
977 1934 1281 1999 celeriter
1309 1948 1461 1998 ante
1495 1935 1864 2014 interitum,
1912 1936 1973 2002 ἀ
2002 1934 2318 2020 repositus
2348 1937 2414 2000 in
2455 1936 2732 2021 piscina,
2780 1939 2899 2002 diu

294 2017 551 2083 ibidem
582 2015 784 2093 vixit,
830 2014 977 2079 fere
1004 2033 1121 2098 per
1150 2013 1435 2079 mensem
1464 2010 1791 2097 serpendo
1828 2035 1948 2098 per
1977 2014 2255 2082 fundum
2285 2014 2550 2101 piscinae
2577 2019 2656 2082 ad
2701 2018 2897 2082 instar

297 2097 675 2180 reptilium,
720 2114 842 2161 nec
888 2113 1171 2180 unquam
1216 2096 1434 2178 potuit
1476 2092 1833 2171 sublevari,
1878 2112 1990 2160 aut
2034 2099 2234 2181 erigi,
2284 2097 2431 2180 quia
2481 2115 2758 2177 nempe,
2805 2098 2898 2162 ob

304 2176 640 2244 descitum
681 2179 872 2256 aeris,
913 2179 1171 2261 gravior
1218 2191 1356 2240 erat
1406 2172 1536 2258 ipsa
1581 2194 1614 2238 a
1662 2194 1744 2239 ua
1785 2176 1852 2240 in
1896 2171 2134 2258 specie.
2222 2176 2390 2242 Cum
2423 2179 2620 2261 igitur
2651 2179 2897 2243 vixerit

299 2256 548 2344 absque
576 2253 763 2337 vefica
791 2256 1045 2339 inflata,
1072 2257 1469 2341 colligitur,
1501 2275 1630 2340 quo
1693 2258 1794 2321 οἷν
1815 2245 2193 2339 expetitura
2259 2254 2492 2323 iscibus
2509 2260 2600 2323 ob·
2618 2260 2900 2344 aliquam

297 2343 496 2409 aliam
529 2336 835 2425 infignem
864 2338 1343 2418 neceffitatem3
1387 2357 1529 2422 quae
1561 2339 1681 2403 alia
1715 2356 1847 2403 non
1876 2338 2137 2409 videtur
2165 2357 2204 2402 e
2258 2359 2295 2402 e
2324 2339 2541 2422 poss'e,
2577 2360 2764 2437 quam
2785 2342 2898 2406 de-

298 2422 601 2491 fiderium
632 2419 1146 2507 conservationis
1179 2423 1360 2500 vitae,
1408 2437 1558 2485 cum
1591 2420 1627 2485 a
1658 2415 1945 2485 clausura
1983 2420 2048 2486 δε
2092 2421 2278 2486 totali
2323 2423 2480 2487 aeris
2526 2425 2899 2506 privatione

302 2524 459 2571 ποτε
482 2503 753 2598 pilcium
786 2499 1218 2585 subsequatur.
2508 2540 2528 2565 .

389 2585 548 2651 Aliis
596 2601 862 2669 quoque
905 2584 1373 2667 experimentis
1416 2583 1486 2649 id
1526 2578 1731 2666 ipsum
1777 2581 2223 2649 confirmatur.
2304 2586 2542 2672 AEgros
2587 2585 2731 2652 fere
2762 2606 2900 2652 mo·

302 2666 619 2733 ribundos
647 2665 985 2749 ptarmicis
1015 2662 1485 2732 sternutatoriis
1515 2666 1582 2729 in
1612 2668 1809 2729 vitam
1833 2663 2090 2729 rediisse
2111 2713 2132 2746 ,
2176 2665 2476 2733 referunt
2518 2670 2897 2749 AuthoreS‚
2937 2712 2944 2717 -

305 2749 456 2833 quia
486 2750 629 2815 talis
660 2759 850 2810 motus
884 2762 1013 2811 non
1047 2744 1160 2827 fit,
1206 2744 1320 2812 nisi
1354 2745 1783 2811 vehementer
1815 2748 1914 2810 aie'r
1945 2747 2012 2810 in
2061 2748 2441 2829 pulmonibus
2471 2749 2842 2818 insinuetur.

382 2827 710 2908 Praeterea
741 2825 948 2892 refert
980 2826 1226 2893 Clariss'.
1313 2826 1709 2893 Tnans'ron
1740 2829 1803 2892 in
1834 2826 2129 2892 Societate
2157 2829 2253 2894 Re
2300 2833 2361 2893 ia
2409 2831 2714 2913 hudini,
2760 2833 2900 2917 pul-

301 2910 441 2977 lum
488 2911 941 2996 gallinaceum·
973 2907 1262 2974 manibus
1315 2904 1704 2981 suffocatum
1752 2906 1939 2973 fuisse
1988 2909 2024 2973 a
2071 2908 2152 2975 D.
2239 2848 2527 2992 ἕκοοΝ,
2572 2930 2644 2978 ut
2692 2915 2901 2979 extin-

300 2993 445 3141 sstus
489 2991 859 3070 videretur,
901 2990 962 3057 &
1003 3008 1121 3074 per
1169 2991 1419 3056 tracbeoe
1461 2990 1740 3056 rimulam
1785 2986 2106 3057 insufflato
2141 2996 2317 3074 affre,
2361 2995 2616 3078 pullum
2646 2994 2904 3063 revixis-

331 3094 389 3140 e.
1490 3108 1501 3111 -

388 3155 701 3221 Similiter
731 3171 956 3219 canem
988 3154 1229 3238 laqueo
1258 3149 1607 3219 suffocavit
1639 3152 1889 3219 Clariss.
1974 3152 2038 3217 N
2047 3173 2382 3236 annnam,
2430 3160 2648 3226 donec
2679 3181 2775 3225 cor
2793 3180 2905 3243 pe-

308 3237 487 3301 nitus
513 3238 551 3302 a
578 3246 742 3301 motu
773 3234 1079 3315 cessaret,
1127 3252 1283 3298 mox
1316 3235 1623 3299 celeriter
1657 3251 1888 3317 aperto
1919 3237 2218 3300 abdomine
2266 3237 2493 3303 tubum
2541 3240 2750 3304 dustui
2797 3242 2911 3305 Pe·

429 3319 592 3383 tiano
621 3316 986 3401 adaptavit,
1030 3316 1094 3382 ἃ
1119 3319 1309 3380 αὲνεηι
1334 3313 1605 3380 fortiter
1634 3311 2017 3397 insufflavit3
2062 3318 2237 3381 unde
2267 3314 2549 3399 factum,
2571 3336 2641 3385 ut
2644 3322 2911 3407 sanguis

401 3418 503 3463 cor
533 3410 753 3464 motum
785 3398 1340 3492 redintegrarent,
1386 3396 1447 3486 ᾃ
1479 3398 1713 3463 animal
1747 3390 2189 3462 revivisceret.

386 3479 492 3546 Ex
519 3480 595 3545 iis
619 3479 924 3546 omnibus
950 3476 1095 3544 satis
1124 3491 1349 3562 aperte
1378 3477 1677 3542 luadetur
1694 3524 1715 3558 ,
1759 3477 1938 3561 quod
1950 3476 2733 3569 potiffima&principalis
2754 3501 2909 3548 cau·

300 3555 375 3629 sa
403 3564 621 3634 vitalis
648 3574 841 3633 motus
873 3561 1245 3631 animalium
1272 3556 1349 3628 fit
1380 3561 1521 3649 αξη
1566 3577 1688 3644 ρει·
1717 3559 2164 3644 respirationem
2195 3577 2538 3646 exceptus.

1677 3980 2142 4149 (ἕρδ’γ
2600 3982 2934 4087 PRO-J
