3419 4538
598 207 687 273 m
857 196 1058 268 cn.
1099 196 1152 265 1.
1197 192 1325 264 DE
1363 191 1660 265 Moms
1705 192 1835 264 ET
1877 162 2970 289 01³13:R21i‘1·.MECHANICIS‚⁴⁴

610 366 782 419 tatur
811 346 1135 415 trahendo
1165 344 1403 441 surium
1431 346 1689 431 pondus
1718 344 2069 432 appensum
2087 353 2647 439 „comprehendo
2664 402 2685 436 ,
2735 352 2867 419 hoc
2897 349 3038 418 fieri
3061 364 3208 422 non

657 432 828 513 offe,
872 428 988 497 nifi
1033 428 1367 514 particular
1410 429 1693 496 minimae
1724 431 1969 495 metalli
2002 433 2205 518 longo
2235 436 2467 501 ordine
2495 433 2851 519 dispofitae,
2897 453 3023 498 una
3052 452 3210 499 ver·

643 533 715 580 us
743 514 1015 579 alteram
1047 530 1083 575 a
1116 508 1582 657 <proximentur
1664 510 1823 577 &in
1856 510 1963 576 tali
1996 511 2145 578 casu
2175 516 2672 582 concedendum
2708 513 2842 596 est,
2887 514 3215 601 quaelibet

577 676 582 681 U
610 594 949 682 particulae
1023 529 1128 658 'uls2
1160 610 1266 657 em
1298 590 1391 657 fili
1427 556 1714 657 motibus
1744 594 2087 659 contrariis
2115 596 2197 661 ad
2229 597 2513 663 invicem
2542 597 2874 663 accedant.
2919 597 2984 660 Si
3004 598 3213 680 igitur

615 677 856 743 eodem
886 693 997 741 mo
1044 691 1087 738 o
1116 671 1307 738 fieret
1336 672 1585 746 musculi
1612 672 2011 764 contrattiO,
2056 676 2252 770 plane
2281 678 2418 761 ejus
2450 680 2619 745 vires
2661 676 3042 757 contrariae,
3092 690 3219 742 aut
3272 682 3279 701 '

614 758 886 826 internae
917 757 980 822 &
1007 754 1334 820 naturales
1363 752 1605 836 ess'ent,
1648 753 1854 838 qualis
1884 754 1977 821 est
2007 776 2102 822 vis
2131 759 2503 854 gravitatis,
2550 773 2660 824 aut
2674 772 3002 837 externae3
3046 776 3217 842 pro-

613 839 772 926 priae
800 839 862 904 ὅ(
894 839 1167 903 internae
1195 834 1588 920 musculorum
1615 853 1751 900 non
1783 851 2011 917 erunt,
2055 857 2207 923 quia
2235 858 2353 925 per
2384 836 2448 906 se
2482 859 2614 906 non
2658 856 2898 933 agunt,
2943 838 3058 905 nist
3101 837 3223 907 ad·

618 921 839 987 veniat
884 915 1194 1002 impulsus
1234 921 1568 1001 appetentis
1600 916 1937 1001 facultatis
1979 922 2259 985 animalis
2303 923 2583 987 immiffis
2628 921 2665 986 a
2674 924 3048 1006 spiritibus,
3095 918 3222 986 seu

616 1000 935 1069 consimili
975 1016 1296 1084 corpore:
1340 997 1473 1066 hoc
1515 1016 1676 1064 vero
1721 996 1957 1083 absque
2000 1001 2292 1067 inixione
2317 1003 2399 1068 ad
2427 1001 2618 1069 instar
2645 1002 2826 1068 venti
2855 1019 2941 1067 co
2962 1013 3225 1067 *eretur

621 1081 912 1152 motibus
954 1079 1301 1146 contrariis
1340 1079 1683 1164 impellere
1726 1080 2084 1163 quamlibet
2126 1083 2452 1150 minimam
2496 1083 2881 1168 particulam
3003 1101 3225 1146 rarum

559 1226 560 1235 ,
619 1163 1055 1249 musculorum,
1098 1162 1160 1226 &
1189 1147 1593 1244 unaquaeqde
1624 1160 1758 1226 vim
1836 1161 2213 1248 uadruplam
2246 1163 2616 1232 refistentiae
2644 1164 2953 1248 ponderis
2969 1179 3227 1248 appen-

620 1245 667 1316 fi
698 1262 1015 1312 exercere
1044 1241 1319 1308 deberet
1387 1256 1476 1334 ‘ut
1507 1259 1592 1306 ex
1611 1252 1795 1335 propo
1817 1245 1998 1308 stione
2036 1263 2131 1309 11.
2178 1245 2573 1329 deducitur)
2618 1244 2762 1310 talis
2791 1261 3010 1310 autem
3055 1261 3230 1327 ope-

623 1328 796 1396 ratio
838 1324 1105 1391 videtur
1148 1316 1335 1387 absur
1383 1322 1581 1388 iffima
1623 1322 1685 1389 &
1728 1324 2444 1408 incomprehenfibilis3
2487 1328 2549 1393 &
2639 1326 2870 1392 roinde
2917 1322 3224 1390 deserere

625 1428 765 1477 non
792 1406 1107 1472 debemus
1134 1402 1369 1469 modos
1385 1400 2221 1489 faciles&perceptibiles,
2243 1408 2471 1492 quibus
2501 1425 2584 1491 pa
2633 1426 2723 1474 rm
2755 1408 2959 1472 utitur
2993 1402 3058 1472 N
3068 1418 3220 1469 atu·

627 1511 723 1558 ra.
767 1487 904 1555 Hic
931 1504 1096 1552 vero
1128 1485 1361 1551 modus
1391 1481 1603 1551 facilis
1632 1488 1756 1551 erit
1782 1503 1903 1569 per
1929 1485 2306 1554 structuram
2335 1503 2584 1553 catenae
2634 1489 2763 1565 (de
2803 1506 2929 1572 qua
2967 1485 3229 1579 egimus

634 1574 703 1639 in
721 1574 926 1655 prima
941 1579 1122 1661 parte
1144 1561 1558 1650 propositionis
1599 1566 1793 1649 114.)
1835 1568 2017 1650 qu'us
2052 1570 2266 1634 annuli
2350 1570 2459 1636 vel
2486 1568 2746 1635 rhombi
2777 1567 2815 1634 a
2857 1586 3087 1634 cuneis
3132 1567 3235 1633 di-

631 1652 813 1721 latati
841 1647 1043 1714 facile
1072 1662 1374 1712 catenam
1401 1642 1703 1714 fibrosam
1732 1648 2122 1714 contrahere
2151 1668 2241 1734 po
2295 1665 2430 1716 unt.

721 1732 915 1799 Circa
944 1723 1301 1794 secundum
1327 1725 1705 1809 considero,
1749 1731 1929 1813 quod
1959 1729 2263 1796 dicuntur
2293 1730 2494 1797 inflari
2515 1749 2591 1796 ea
2609 1749 2929 1816 corpora,
2947 1748 3239 1816 quorum

637 1814 956 1882 cavitates
986 1828 1060 1874 re
1110 1810 1329 1874 lentur
1355 1807 1437 1873 ab
1471 1809 1691 1893 aliquo
1721 1828 2002 1893 corpore
2034 1809 2276 1891 fluide,
2322 1812 2430 1878 vel
2461 1812 2667 1894 duro,
2704 1826 2779 1878 ut
2806 1810 3078 1897 spongia
3166 1832 3213 1878 u

640 1896 760 1962 tris
803 1894 866 1960 ἀ
910 1890 1035 1956 alia
1124 1890 1264 1973 ujus
1291 1891 1592 1975 generis3
1634 1906 1700 1956 at
1732 1891 1797 1956 in
1828 1891 1926 1957 his
1958 1892 2300 1959 evidenter
2330 1911 2605 1978 augetur
2631 1894 2844 1960 moles
2871 1857 3239 1960 secundum

639 1977 875 2044 trinam
903 1969 1407 2065 dimensionem,
1451 1972 1513 2037 &
1541 1987 1862 2056 praeterea
1893 1970 2098 2038 tenfio
2130 1975 2191 2040 dt
2218 1975 2484 2040 durities
2513 1976 2729 2061 aliqua
2757 1971 3121 2054 suboritur,
3172 1989 3242 2040 at

638 2061 708 2126 in
736 2054 1018 2141 musculis
1046 2052 1348 2138 diligenti
1376 2049 1778 2138 inspectione
1807 2055 2018 2119 moles
2049 2073 2184 2120 non
2218 2056 2480 2121 videtur
2523 2076 2603 2122 au
2649 2056 2779 2121 eri:
2824 2073 2977 2120 nam
3020 2053 3135 2119 lon
3186 2056 3238 2120 i·

640 2138 806 2207 tudo
847 2134 1099 2219 musculi
1142 2135 1362 2218 potius
1405 2133 1815 2201 contrahitur
1857 2136 1920 2200 δε
1968 2135 2383 2231 decurtatur,
2425 2138 2612 2203 latitu
2658 2156 2701 2202 o
2731 2155 2897 2202 vero
2930 2136 2994 2201 dt
3021 2153 3136 2200 cra
3183 2156 3238 2203 ι·

645 2222 776 2290 ties
806 2236 942 2290 non
970 2215 1229 2283 videtur
1259 2215 1481 2310 augeri
1492 2262 1519 2310 9
1564 2211 1679 2282 sed
1713 2216 1954 2283 retinet
1984 2217 2261 2285 eandem
2310 2216 2795 2286 dimenfionem.
2842 2215 3096 2285 Verum
3143 2214 3241 2283 est.

642 2319 900 2381 tamen,
943 2316 1094 2364 eum
1125 2315 1460 2381 acquirere
1486 2295 1598 2363 insi
1650 2316 1799 2364 nem
1827 2298 2135 2365 duritiem
2163 2301 2225 2367 dt
2253 2300 2647 2366 tensionem.-
2691 2319 2773 2365 an
2804 2316 2967 2364 vero
3000 2316 3085 2363 ex
3100 2297 3237 2363 hoc

641 2382 871 2452 inferri
901 2380 1145 2447 debeat
1174 2376 1425 2444 inflatio
1443 2424 1464 2459 ‚
1510 2397 1620 2443 mu
1650 2380 1698 2445 ti
1727 2394 1987 2464 negant.
2031 2380 2209 2465 Ergo
2238 2397 2466 2446 contra
2493 2379 2907 2446 confidenter
2932 2379 3071 2461 ajo,
3117 2378 3241 2443 du-

646 2466 867 2534 ritiem
897 2481 1046 2529 cum
1081 2459 1537 2528 contraftione
1567 2460 1694 2525 ess'e
1720 2478 2174 2548 argumentum
2208 2462 2477 2527 evidens
2523 2460 2895 2527 inflationis.
2976 2460 3241 2539 Primo,

699 2549 805 2613 uia
835 2545 1067 2610 eadem
1095 2542 1308 2608 moles
1336 2559 1659 2625 corporea
1686 2545 1892 2605 carnis
1909 2588 1930 2622 ‚
1976 2561 2125 2627 quae
2157 2544 2537 2609 continetur
2563 2545 2629 2608 in
2661 2543 2918 2628 mustulo
2957 2540 3241 2607 flaccido

648 2567 714 2696 2:
745 2628 1097 2711 elongato,
1141 2622 1719 2707 comprehenditur
1748 2640 2010 2707 quoque
2042 2624 2104 2689 in
2120 2625 2361 2690 eodem
2375 2624 2631 2709 musculo
2648 2623 3031 2705 decurtato,
3050 2640 3248 2708 quan·

650 2709 1011 2793 doquidem
1046 2703 1278 2768 eadem
1306 2700 1405 2767 est
1433 2704 1606 2767 moles
1635 2723 1853 2768 carnea
1877 2705 1940 2769 ὅ(
1968 2705 2219 2787 musculo
2248 2727 2321 2785 a,
2368 2725 2510 2804 quae
2543 2708 2608 2771 in
2643 2721 2794 2770 utro
2843 2724 2927 2771 ue
2945 2706 3247 2769 contine·

651 2806 792 2856 tur:
839 2805 999 2870 ergo
1036 2779 1433 2870 consurgunt
1460 2783 1594 2847 duo
1625 2784 1902 2865 cylindri
1937 2785 2047 2850 AB
2075 2787 2138 2851 ὅ(
2240 2786 2295 2853 E
2326 2786 2464 2873 Fzg.
2519 2805 2615 2854 12.
2662 2786 2791 2852 TA
2855 2836 2870 2852 .
2914 2784 3071 2851 XV.
3102 2802 3244 2850 om·

650 2873 811 2939 nino
842 2864 1121 2959 aequales
1152 2865 1321 2956 inter
1355 2862 1460 2943 se,
1506 2882 1779 2947 quorum
1812 2865 2185 2935 altitudines
2214 2865 2357 2932 sunt
2385 2869 2506 2932 inae
2557 2868 2774 2949 uales,
2821 2886 3018 2954 quare
3047 2885 3243 2951 quan·

650 2969 725 3020 to
762 2944 1310 3037 longitudojlhus
1339 2943 1454 3037 CB
1483 2940 1739 3028 superat
1785 2944 1971 3029 hujus
2017 2947 2493 3033 longitudinem
2618 2949 2935 3029 E,‘tanto
2977 2945 3245 3031 praecise

649 3031 816 3101 baiis
866 3046 1011 3093 area
1062 3024 1428 3106 circularis5
1470 3021 1583 3089 seu
1627 3025 1937 3091 craffities
1982 3027 2170 3110 huius
2220 3029 2356 3096 DH
2406 3031 2677 3097 excedit
2704 3031 2873 3096 illius
2900 3026 3242 3095 craffitiem

651 3113 779 3183 AC
814 3111 851 3194 <
867 3107 1000 3192 α);
1042 3107 1105 3172 &
1133 3105 1412 3190 proinde
1443 3104 1487 3171 fi
1522 3106 1894 3173 decurtatio
1925 3106 2131 3176 fuerit
2158 3130 2306 3195 pars
2340 3114 2529 3179 tertia
2562 3112 2888 3179 totiuslon
2938 3108 3241 3194 itudinis,

653 3186 1163 3340 eritssneceffario
1196 3188 1538 3274 reciproce
1570 3188 2049 3259 incrementum
2077 3193 2500 3280 plenitudinis
2532 3196 2724 3262 tertia
2751 3212 2897 3278 pars
2959 3185 3240 3274 afis,seu

651 3295 763 3342 cra
812 3289 972 3340 1t1e1.

731 3357 825 3423 At
866 3354 1205 3438 inquiunt,
1248 3349 1294 3417 fi
1344 3351 1474 3418 hoc
1516 3371 1748 3421 verum
1779 3353 1875 3420 est
1959 3375 2156 3452 quare
2186 3376 2321 3424 non
2351 3354 2522 3423 cons
2554 3357 2746 3423 icitur
2778 3356 2924 3423 talis
2953 3354 3244 3423 inflatio?

650 3434 1088 3521 RespondeO,
1136 3433 1276 3528 fieri
1319 3432 1497 3519 posse
1512 3480 1535 3515 ,
1578 3451 1651 3501 ut
1684 3435 1841 3530 post
1883 3402 2262 3520 faxltatem,
2309 3458 2476 3523 quan
2528 3457 2571 3504 o
2615 3436 2777 3504 tenfi
2805 3436 3013 3518 fiunt,
3058 3436 3248 3521 magis

651 3521 955 3587 uniantur
983 3516 1045 3582 ὅ(
1078 3515 1539 3599 restringantur
1566 3517 1647 3584 ad
1679 3519 1968 3585 invicem
1988 3517 2194 3601 fibrae,
2241 3520 2575 3587 crassiores
2602 3520 2878 3587 redditae
2908 3519 3000 3584 ob
3033 3536 3244 3583 corru-

700 3600 986 3665 ationem
1005 3643 1028 3677 ,
1072 3612 1146 3662 ut
1177 3595 1510 3662 filamenta
1539 3593 1716 3663 funis
1745 3599 2021 3665 humore
2051 3599 2385 3668 incrassata
2414 3599 2689 3669 striCtius
2724 3600 3157 3685 colligantur,
3184 3596 3241 3661 δε

650 3620 742 3750 sgic
769 3678 1075 3745 duritiem
1104 3679 1451 3763 acquirunt
1479 3676 1544 3745 ὅ(
1573 3696 1893 3765 augentur
1923 3682 1989 3747 in
2021 3680 2224 3748 latum
2242 3728 2262 3763 ‚
2310 3682 2527 3778 quoad
2558 3685 2804 3750 molem
2851 3679 3106 3747 scilicet
3152 3680 3237 3744 in·

651 3761 888 3830 flantur
916 3754 1153 3843 absque
1183 3777 1267 3824 eo
1353 3759 1534 3843 quod
1570 3763 1864 3828 exterior
1892 3761 2265 3858 superficies
2295 3765 2621 3831 dilatetur.
2707 3764 2957 3849 Augeri
2989 3762 3234 3829 molee·

651 3844 790 3915 nim
820 3841 1122 3908 dicuntur
1152 3857 1236 3906 ne
1311 3858 1420 3906 um
1452 3857 1530 3907 ea
1560 3844 1603 3925 ,1
1649 3862 1794 3930 quae
1853 3863 2173 3930 majorem
2214 3846 2628 3926 latitudinem
2673 3861 3010 3920 externam
3049 3857 3245 4016 ‹333-

3224 3956 3256 4002 8

854 4038 1000 4129 (a)
1044 4019 1252 4113 Eud(
1284 4044 1348 4112 6.
1393 4060 1509 4127 32·
