3419 4538
565 178 747 278 312
1134 169 2776 279 JQBERNOULLU

660 325 911 397 fistulae.
954 322 1494 408 Experimentum
1522 321 1658 389 hoc
1691 343 1824 392 non
1860 320 2352 392 solumfacilius
2400 342 2482 387 ex
2527 323 2641 405 iis,
2690 343 2836 408 quae
2867 325 3065 409 supra
3110 327 3275 395 dista

664 407 813 475 sunt
839 408 1191 491 explicari,
1239 403 1350 470 sed
1394 407 1595 470 e‘tiam
1626 406 1825 499 lo'nge
1858 406 2290 485 exae‘tiusper
2333 404 2665 487 principia¹
2698 404 2955 486 nostra,
3007 428 3163 491 quae
3212 412 3273 475 ἃ

664 507 893 557 veram
936 485 1164 553 veficae
1208 486 1511 571 figuram,
1554 487 1618 551 δι
1647 495 1810 554 aeris
1856 486 2194 551 elaterium
2237 504 2263 566 ς
2298 502 2373 549 ut
2418 487 2701 577 vocant)
2748 490 2932 570 quod
2962 488 3083 574 ipsi
3174 511 3265 556 ro·

717 572 885 637 rium
927 566 1060 649 est,
1105 581 1405 653 ponunt,
1456 567 1536 631 ad
1573 564 2145 661 calculum-potest
2202 584 2495 631 revocari
2534 584 2751 659 ‘quam
2794 567 2967 634 fecit
3033 510 3263 637 ngli·

699 651 840 731 ius,
893 664 1094 716 -utote
1163 649 1273 734 qui
1337 648 1857 732 commodioris,
1919 649 2028 715 led
2077 649 2288 712 minus
2339 645 2549 711 exafh
2613 648 2842 713 calculi
2902 654 3123 735 gratia
3171 671 3267 737 ge-

675 734 941 807 nuinam
968 730 1235 815 figuram
1265 725 1758 812 sphaeroidalem
1798 731 2026 798 vcficae
2055 727 2292 794 inflatae
2326 728 2605 808 ademit,
2651 729 2718 793 in
2753 726 3022 824 ejusque
3063 733 3268 798 locum

677 812 1004 879 substituit
1031 809 1377 876 rhombum
1408 807 1683 878 solidum
1785 812 1978 896 plane
2009 826 2082 873 ut
2108 808 2275 873 fecit
2305 807 2605 875 Borellus
2635 828 2784 875 cum
2840 810 2971 877 suis
3033 813 3261 880 machi-

679 896 885 975 nulis;
928 911 1166 978 praeter
1200 891 1329 954 hoc
1384 889 1582 956 etiam
1625 859 1831 976 ipsum
1862 896 2027 959 aeris
2072 890 2413 982 elaterium
2453 907 2587 954 non
2604 889 3258 982 consideravit,quod

683 992 902 1040 tamen
948 975 1138 1038 unice
1170 967 1430 1054 praestat
1462 968 1857 1040 dilatationis
1901 974 2231 1051 officium3
2276 971 2432 1053 lime
2480 968 2621 1036 fieri
2665 975 2896 1056 nequit
2938 976 3101 1058 quin
3151 977 3258 1041 cal·

682 1056 868 1203 cubluls
914 1050 1333 1125 Wallifianus
1361 1048 1399 1118 a
1427 1068 1592 1121 vero
1621 1057 1899 1125 multum
1932 1055 2231 1132 abludat,
2267 1052 2562 1136 —ideoque
2606 1071 2791 1119 error
2834 1056 2986 1122 satis
3028 1056 3143 1124 fiat
3165 1076 3255 1124 nn-

682 1153 750 1202 ta
799 1156 923 1205 iis.

1955 1299 2015 1385 ς.
2102 1296 2267 1365 XV.

779 1543 880 1619 Ex
912 1545 1025 1629 iis,
1072 1566 1216 1637 quae
1260 1550 1446 1640 supra
1537 1604 1550 1620 .
1603 1570 1701 1619 11.
1752 1548 2073 1628 diximus,
2118 1548 2179 1614 &
2224 1564 2311 1613 ex
2350 1548 2587 1616 tabella
2618 1548 2832 1616 nostra
2865 1549 3115 1633 liquet,
3151 1570 3250 1617 ma·

375 1639 502 1697 risle
532 1614 1059 1712 riga-chinulam,
1102 1632 1213 1699 vel
1271 1634 1489 1702 veficu
1516 1655 1618 1700 am
1677 1628 2095 1697 muscularem
2140 1627 2383 1695 AEBD
2425 1629 2562 1697 inte
2640 1649 2739 1695 am
2794 1631 3252 1698 circularemfi·

358 1734 441 1784 ‚⁶7³
480 1733 533 1793 5³

745 1726 920 1779 uram
943 1730 1082 1778 nun
1133 1731 1296 1781 uum
1322 1710 1585 1801 adipisci
1617 1713 1799 1798 posse
1845 1710 1993 1795 quia
2022 1728 2173 1777 nem
2222 1728 2261 1774 e
2291 1728 2375 1776 eo
2409 1710 2477 1776 in
2510 1729 2660 1797 cau
2688 1711 2787 1776 vis
2830 1710 3129 1783 absoluta
3156 1716 3253 1779 ela‘

694 1726 994 1857 fiicitatis
1024 1793 1086 1858 in
1138 1791 1333 1861 nities
1363 1793 1664 1881 superare
1709 1757 1989 1859 defieret
2034 1792 2152 1858 reli
2213 1791 2494 1871 entiam,
2542 1793 2610 1859 id
2637 1791 2849 1940 1duod
2896 1794 3249 1879 impossibile

699 1868 826 1935 est:
872 1870 1107 1940 dantur
1153 1875 1373 1960 itaque
1419 1879 1581 1942 certi
1626 1875 1865 1941 limites
1905 1872 1987 1938 ad
2021 1892 2186 1957 quos
2229 1872 2594 1953 contraCtio
2723 1872 3105 1941 usculorum
3152 1894 3257 1941 non

693 1951 1052 2039 pertingit;
1099 1959 1376 2024 maxima
1417 1959 1591 2025 enim
1629 1954 2019 2021 machinulae
2063 1954 2462 2034 contractio,
2509 1952 2619 2020 seu
2652 1953 3042 2021 refistentiae
3086 1960 3260 2022 eleva·

697 2031 794 2097 tio
837 2038 914 2100 ad
944 2054 1118 2113 quam
1155 2057 1310 2118 non,
1372 2037 1466 2104 est
1521 2037 1783 2124 aequalis
1830 2043 2063 2119 72:728.
2109 2033 2401 2118 partibus
2444 2053 2717 2116 earum,
2764 2037 3060 2118 qualium
3112 2037 3258 2102 semi·

691 2113 1042 2196 longitudo
1072 2118 1292 2184 lateris
1334 2122 1633 2188 continet
1673 2136 1962 2198 100000;
2007 2134 2091 2181 cx
2122 2135 2254 2200 quo
2287 2115 2533 2182 clarum
2577 2115 2672 2182 est
2716 2119 3023 2199 quamvis
3062 2119 3255 2183 machi·

689 2194 918 2262 nulam
943 2200 1007 2263 in
1040 2201 1322 2266 maxima
1348 2198 1460 2267 sua
1492 2200 1889 2268 distentione
1922 2197 2009 2261 ad·
2033 2213 2282 2278 partem
2317 2198 2579 2264 circiter
2593 2195 2680 2262 sui
2699 2198 2971 2263 tertiam
2992 2219 3119 2265 non
3133 2218 3259 2265 con-

693 2275 901 2360 trahi,
944 2281 1010 2344 id
1040 2282 1218 2363 quod
1253 2283 1445 2348 etiam
1493 2284 1577 2350 de
1605 2279 1744 2368 ipso
1777 2278 2085 2347 Musculo
2120 2278 2549 2360 censendum,
2594 2283 2737 2365 quia
2772 2297 3019 2345 omnes
3062 2282 3259 2347 machi·

693 2359 905 2442 nulae,
948 2379 1033 2426 ex
1076 2362 1311 2447 quibus
1339 2362 1630 2446 constat,
1678 2362 1966 2427 similiter
2009 2358 2511 2430 contrahuntur-2
2556 2360 2923 2426 contractio
2972 2362 3257 2428 enimuni·

698 2459 779 2504 us
812 2442 1200 2510 machinulae
1232 2443 1324 2510 est
1355 2446 1436 2510 ad
1479 2442 1997 2512 commestionem
2042 2441 2242 2506 totius
2273 2438 2452 2507 fibrae
2493 2440 2910 2524 muscularis,
2962 2460 3045 2510 ut
3098 2443 3253 2528 longi·

696 2522 863 2590 tudo
891 2524 1369 2611 longitudinem
1402 2525 1604 2609 hujus.

1918 2688 1978 2775 §·
2039 2685 2225 2756 xv1.

784 2934 882 3002 Ut
910 2938 1534 3022 contemplationem
1566 2935 1847 3003 nostram
1873 2936 2140 3002 ulterius
2157 2937 2616 3018 extendamus,
2662 2938 3157 3009 consideranda!
3182 2958 3263 3008 no·

703 3010 818 3082 bis'
851 3016 1125 3082 veniunt
1153 3015 1303 3102 ipsae
1339 3021 1726 3103 quantitates
1767 3018 2121 3102 Spirituum
2168 3020 2593 3101 Animalium,
2641 3023 2748 3087 vel
2792 3021 3015 3089 Fluidi
3065 3042 3259 3088 nervo-

702 3116 887 3177 rum,
930 3116 1072 3182 quae
1105 3114 1407 3164 manente
1449 3099 1821 3165 elevatione
1862 3097 2362 3168 refistentiarum
2408 3097 2663 3185 semper
2697 3104 2973 3184 eadem,
3024 3123 3157 3187 pro
3182 3103 3266 3170 fin-

703 3178 880 3273 gulis
921 3175 1291 3244 resistentiis
1335 3180 1831 3264 impenduntur:
1874 3182 2049 3247 circa
2092 3179 2291 3247 finem
2335 3182 2395 3267 §.
2451 3201 2551 3249 10.
2597 3181 3010 3251 ostendimus
3039 3229 3064 3265 ,
3124 3187 3265 3251 vire

704 3258 1051 3340 inflantes,
1096 3259 1163 3324 id
1192 3259 1287 3325 est
1326 3262 1501 3327 vires
1550 3259 1874 3328 absolutas
1906 3258 2356 3328 clasticitatum
2397 3281 2562 3328 aurae
2604 3266 2870 3329 motivae
2922 3266 2994 3331 in
3044 3266 3263 3352 aequali·

706 3342 834 3409 bus
864 3341 1125 3408 circulis
1171 3340 1298 3407 esse
1342 3343 1583 3409 viribus
1612 3341 2065 3408 sustinentibus
2097 3359 2218 3425 pro
2268 3344 2665 3423 ortionales;
2708 3346 3025 3429 quoniam
3082 3363 3258 3414 auten

700 3439 1013 3495 manente
1059 3421 1432 3490 elevatione
1459 3423 2016 3505 tefistentiae„vel
2048 3442 2128 3488 an
2177 3444 2215 3488 u
2246 3444 2288 3488 o
2340 3424 2518 3490 EBD
2547 3422 2801 3511 semper
2828 3427 3088 3495 eodem
3131 3429 3253 3492 virts

701 3502 1087 3571 sustinentes
1131 3496 1308 3586 (ceu
1352 3521 1536 3591 patet
1579 3523 1663 3570 ex
1704 3524 1897 3588 prop.
1957 3502 2128 3569 Clari
2155 3525 2205 3570 s.
2255 3504 2406 3571 Vari
2500 3507 2636 3572 onii
2732 3502 2872 3573 sunt
2929 3508 3001 3575 in
3044 3511 3249 3575 ratione

696 3582 1878 3671 sefistentiammZ,oportetutetiam
1895 3580 2261 3650 refistentiae
2279 3587 2375 3651 ela
2432 3587 2639 3653 icitati
2691 3587 3050 3672 usfintpro
3149 3589 3245 3654 πίο-

698 3666 920 3746 mlesg
960 3664 1072 3730 sed
1099 3684 1222 3759 pro
1251 3666 1561 3734 conceffo
1591 3666 1991 3748 assumimus,
2035 3667 2424 3751 quantitates
2440 3687 2653 3734 aureae
2671 3670 2978 3750 motivae,
3108 3686 3242 3756 qun·

699 3747 926 3834 titates
966 3747 1319 3831 spirituum
1348 3748 1744 3832 Animalium
1775 3748 2049 3815 eandem
2071 3744 2200 3814 sem
2251 3767 2322 3817 er
2350 3746 2604 3815 servare
2633 3750 3001 3833 rationem3
3054 3743 3241 3818 hocd

702 3828 1012 3912 duplam,
1056 3828 1354 3912 triplam,
1401 3826 1821 3914 quadruplam
1857 3830 2110 3914 copiam
2152 3829 2365 3896 Fuidi
2410 3830 2450 3895 S
2499 3831 2683 3896 iritus
2742 3829 3096 3900 Animales
3143 3847 3242 3898 cm·

695 3906 1023 3977 stituentis
1064 3910 1353 3977 excitare
1379 3911 1619 3993 duplo,
1658 3911 1896 4006 triple,
1929 3908 2290 3995 quadruplo
2307 3912 2433 3978 den
2484 3929 2668 3977 orem
2699 3929 2918 3977 auram
2946 3916 3253 3982 motivam.

692 3990 770 4063 ⁴Si
799 4009 973 4066 nuuc
998 4009 1390 4078 poneremus
1404 3991 1642 4078 Boylei
1669 3991 2104 4081 principium,
2115 3992 2352 4082 scilicet
2367 3990 2683 4076 densitates
2695 3989 3265 4163 clqllicitatissrusnefc
