3419 4538
586 142 706 224 156
1185 97 1758 208 cmixvm.
1840 134 1989 208 De
2086 134 2697 209 srAT-toNe

613 307 618 312 ’
1181 299 2216 395 ΡιιοΡοειτιο
2389 298 2602 398 CL.

590 496 1026 634 Quaritur·
1037 563 1063 606 ‚
1123 525 1375 612 quare
1417 502 1642 587 Aves
1653 498 1943 633 stando
1957 561 1986 602 ,
2039 490 2286 589 rumis
2318 502 2696 590 arborum
2715 497 3183 697 contfreivenss
3290 599 3295 610 1

672 614 835 727 fis,
888 609 1275 726 quiescunt
1307 612 1421 721 ἐφ’
1461 613 1850 700 dormtunt
1881 611 2156 731 absque
2186 618 2450 704 ruina.
2460 607 2848 704 TAB.X
2891 677 2909 697 .
2927 615 3185 727 th.7.

679 816 848 886 Cum
879 831 1134 885 certum
1164 816 1280 901 fit,
1326 820 1394 885 in
1424 814 1652 886 somno
1667 820 2037 901 facultatem
2069 823 2356 887 mtivoem
2383 819 2778 905 unffi-ulerunt
2808 816 3040 897 otiari„
3084 817 3187 899 dt,

600 900 863 987 quando
894 899 1144 982 musculi
1168 905 1384 983 pedum
1411 901 1507 966 nil
1535 917 1735 984 agunt
1752 948 1774 982 ,
1822 919 2051 966 eorum
2080 904 2369 967 articulos
2398 901 2792 980 concidere,
2812 917 2939 962 nec
2967 898 3183 964 eleva.-

596 996 706 1047 tos
739 982 801 1046 in
835 979 916 1046 ali
964 999 1045 1044 ua
1079 981 1508 1047 determinata
1539 979 1893 1047 inflexione
1922 980 2192 1048 firmiter
2221 983 2489 1047 retineri
2531 967 2749 1066 poste:
2794 993 2954 1063 ergo
3003 979 3183 1044 vide-

601 1077 708 1127 tur
739 1061 919 1145 impo
971 1060 1164 1142 ibile,
1209 1076 1286 1126 ut
1318 1081 1472 1128 aves
1501 1061 1602 1127 RS
1635 1061 2035 1127 dormientes
2064 1081 2195 1128 non
2227 1060 2717 1147 prosternantur
2747 1057 3039 1124 adinstar
3053 1074 3179 1125 ter·

596 1141 889 1211 restrium
924 1142 1328 1224 animalium3
1373 1142 1435 1208 δι
1468 1138 1799 1226 quiescere
1841 1142 2080 1225 possint
2120 1142 2553 1223 dormiendo,
2598 1140 2945 1206 recondito
2992 1144 3188 1222 capite
3268 1179 3277 1186 ·

600 1223 666 1289 O
697 1218 812 1287 sub
845 1240 971 1286 una
1000 1223 1273 1302 alarum,
1317 1222 1556 1287 innixae
1585 1219 1775 1306 super
1805 1217 2144 1288 subtilibus
2176 1223 2470 1316 virgultis
2504 1223 2810 1287 arborum
2846 1219 3003 1298 GF,
3054 1214 3185 1285 abs-

602 1321 730 1389 que
789 1302 973 1368 ruina
1005 1349 1028 1384 ,
1091 1302 1285 1369 etiam
1344 1303 1383 1368 a
1440 1303 1653 1370 ventis
1712 1302 2053 1370 concuss'ae.
2165 1302 2341 1398 Quia
2383 1320 2548 1367 vero
2591 1302 2791 1367 talem
2831 1299 3086 1365 firmam
3127 1320 3188 1382 a-

601 1385 783 1468 vium
844 1381 1185 1448 stationem
1224 1429 1250 1463 ‚
1299 1384 1453 1448 dum
1513 1384 1843 1449 dormiunt
1884 1428 1912 1463 ,
1966 1383 2194 1478 paflim
2255 1379 2686 1466 conspicimus
2712 1426 2738 1462 ,
2793 1381 2919 1446 erit
2963 1398 3185 1463 operae

603 1464 886 1549 pretium
936 1463 1122 1545 hujus
1173 1462 1558 1528 admirandae
1615 1482 1658 1527 0
1708 1463 2016 1529 erationis
2076 1461 2325 1530 causam
2380 1464 2725 1548 inquirere.
2837 1460 3001 1526 Ideo
3080 1461 3185 1527 ad·

604 1558 796 1608 verto
825 1590 847 1624 ‚
892 1543 1067 1627 quod
1110 1543 1409 1611 machina
1451 1545 1583 1609 avis
1687 1544 1729 1609 S
1774 1542 2135 1627 ponderosa
2160 1590 2184 1626 ‚
2239 1539 2455 1609 subtili
2512 1561 2694 1608 ramo
2739 1539 2863 1609 GF
2906 1542 3184 1622 innixa,

607 1620 992 1689 sustentatur
1026 1624 1062 1689 a
1089 1624 1326 1689 duritie
1356 1622 1641 1705 ejusdem
1656 1624 1813 1689 rami
1831 1670 1860 1704 ‚
1901 1642 2097 1707 quem
2116 1625 2335 1709 ,tangit
2367 1645 2428 1688 os
2443 1625 2878 1689 acuminatum
2885 1621 3190 1705 peeoris,

603 1706 669 1770 ἀ
696 1705 855 1771 licet
884 1703 1089 1769 tribus
1116 1702 1349 1770 fulcris
1378 1704 1675 1774 maehina
1701 1703 1837 1783 ejus
1866 1700 2057 1789 super
2089 1723 2337 1780 ramum
2364 1705 2709 1784 innitatur,
2754 1703 2856 1787 offe
2885 1703 3192 1768 nimirum

597 1785 862 1871 peeoris
946 1785 1009 1850 δε
1037 1785 1299 1851 duobus
1366 1787 1601 1864 edibus,
1646 1784 1937 1850 fulcrum
1967 1803 2186 1852 tamen
2266 1786 2414 1852 raeci
2464 1804 2657 1863 uum,
2703 1784 2741 1850 a
2768 1801 2900 1867 quo
2930 1785 3197 1868 pondus

608 1867 745 1933 avis
775 1861 847 1930 su
904 1880 1201 1946 ematur,
1247 1884 1288 1931 e
1375 1886 1437 1931 os
1455 1863 1751 1949 pei-'toria
1795 1866 1928 1930 duo
1956 1885 2121 1932 vero
2128 1878 2203 1949 pe
2243 1888 2302 1932 es
2321 1867 2385 1930 in
2440 1866 2545 1930 exi
2563 1862 3192 1948 inserviunt‚utful·

611 1965 722 2013 cra
741 1994 762 2027 ‚
855 1962 949 2010 uae
966 1943 1088 2011 ·sua
1118 1946 1357 2011 duritie
1390 1945 1759 2030 impediunt
1838 1965 1921 2011 ne
1951 1947 2253 2013 machina
2278 1962 2419 2012 ruat
2452 1946 2531 2011 ad
2560 1949 2883 2024 dextrum,
2916 1946 3027 2009 vel
3042 1942 3196 2026 fini·

587 2024 801 2114 strum
890 2039 1009 2092 tus.
1054 2025 1277 2092 Restat
1303 2027 1506 2092 modo
1540 1994 1889 2093 difficultas
1926 2026 2659 2107 maximadiss‘olvenda,
2705 2025 3041 2117 quomodo
3058 2024 3202 2090 avis

609 2127 747 2174 non
776 2120 919 2174 ruat
949 2111 1220 2173 anterius
1250 2105 1466 2172 versus
1499 2106 1554 2172 R
1573 2153 1594 2186 ‚
1637 2123 1751 2171 aut
1772 2102 2065 2202 posterius
2096 2103 2314 2172 v'ersus
2346 2108 2432 2188 S,
2473 2126 2623 2171 cum
2651 2108 2903 2172 innixio
2931 2105 3046 2171 fiat
3061 2122 3200 2171 non

613 2189 683 2255 in
739 2191 905 2255 *lana
932 2188 994 2254 &
1024 2188 1233 2275 ampla
1262 2184 1603 2275 superficie
1637 2189 2033 2272 pavimenti,
2078 2183 2188 2253 sed
2212 2190 2285 2260 in
2315 2187 2590 2273 {implici
2615 2188 2784 2253 linea
2811 2180 3196 2251 transversa-

611 2271 661 2338 li
707 2209 826 2337 EF
870 2264 1246 2343 summitatis
1291 2267 1664 2336 ramusculi:
1759 2287 1911 2337 uate
1954 2268 2227 2336 firmiter
2277 2269 2520 2336 ibidem
2549 2267 2816 2334 retineri
2846 2287 2980 2334 non
3010 2263 3197 2352 poss’e

642 2352 1009 2436 ‘et-cipimus
1027 2398 1049 2433 ,
1095 2349 1446 2496 nificfedum
1471 2289 1755 2496 digiti&
1774 2365 1904 2415 tam
1934 2351 2106 2417 artie
2139 2353 2202 2417 &
2247 2349 2463 2416 valide
2507 2368 2754 2415 ramum
2798 2346 2918 2415 GF
2962 2365 3195 2431 appre-

708 2434 1023 2513 nderent‚
1068 2446 1142 2496 ut
1171 2449 1208 2496 a
1285 2431 1474 2498 instar
1578 2449 1831 2515 rclpum
1861 2430 2022 2497 forti
2054 2432 2472 2497 connexione
2498 2432 2633 2496 avis
2663 2448 2846 2496 ramo
2894 2428 3199 2495 annecte·

614 2531 815 2580 retur.
861 2511 1027 2607 Quae
1056 2509 1332 2578 adhaefio
1363 2526 1494 2578 tam
1523 2526 1722 2576 tenax
1750 2510 1875 2575 esse
1918 2512 2157 2591 debet,
2205 2527 2280 2577 ut
2320 2509 2611 2591 resistat,
2646 2511 2890 2577 nedum
2934 2510 3198 2576 vacilla-

622 2593 910 2658 tionibus
942 2595 962 2658 i
1011 2590 1132 2656 ssus
1161 2592 1294 2656 avis
1374 2590 1485 2656 sed
1516 2593 1714 2655 etiam
1743 2591 1974 2657 iffibus
2004 2594 2207 2657 venti.
2265 2592 2447 2677 Ergo
2480 2590 2785 2677 pra-dista
2812 2591 3007 2657 fortis
3034 2609 3202 2657 con·

618 2670 861 2738 strictio
879 2717 912 2763 ,-
944 2611 1009 2736 g
1037 2639 1531 2753 comprehenfio
1561 2674 1890 2755 digitorum
1919 2667 1976 2736 E
2013 2670 2094 2735 ab
2122 2672 2334 2755 aliqua
2364 2675 2429 2738 vi
2480 2673 2729 2761 motiva
2765 2671 2907 2737 fieri
2955 2671 3207 2752 debet,

619 2769 805 2832 quae,
848 2749 1180 2815 violenter
1207 2749 1694 2829 contrabend0‚
1740 2750 1847 2815 vel
1879 2750 2198 2816 trahendo
2227 2755 2514 2830 musculos
2533 2751 2791 2836 flexoret
2821 2755 3203 2834 digitorum,

620 2848 740 2895 eos
773 2827 1291 2914 constr-ingan&
1320 2830 1469 2915 quia
1497 2829 1565 2894 in
1593 2830 1740 2894 otio
1759 2875 1784 2910 ,
1824 2830 2049 2914 quiete
2076 2832 2139 2897 δε
2186 2828 2461 2913 summ,
2501 2835 2704 2899 immo
2782 2830 2876 2897 ost
2905 2848 3204 2897 mortem

619 2910 871 2995 musculi
915 2928 1046 2974 non
1089 2926 1329 2995 agunt,
1376 2928 1506 2979 nec
1545 2910 2054 2993 contrahuntur,
2096 2912 2355 2978 necess‘e
2398 2911 2535 2997 est,
2575 2930 2651 2980 ut
2812 2912 3019 2995 aliqua
3060 2912 3209 2977 alia

619 2988 808 3059 causa
824 3038 845 3071 ‚
889 2990 1221 3075 pendente
1248 2991 1327 3058 ab
1365 2988 1495 3074 ipsa
1527 2986 1835 3059 sttuftura
1864 2993 2255 3077 mustul‘orum
2269 3041 2299 3075 ,
2340 2996 2483 3064 talis
2503 2992 2719 3062 trastio
2733 2996 3038 3059 tendinum
3052 2990 3212 3059 fiat.

687 3073 873 3139 'Avis
903 3089 1068 3155 ergo
1098 3071 1244 3153 Rs„
1277 3068 1555 3137 extenfis
1621 3075 1823 3137 edibus
1849 3073 1912 3139 ἃ
1941 3077 2006 3138 di
2048 3078 2155 3139 itis
2187 3072 2477 3158 expanfis
2506 3074 2858 3160 vigiland0‚
2919 3072 3091 3139 rimo
3107 3075 3211 3139 in-

626 3152 862 3218 nititur
885 3148 1250 3218 ramusculo
1282 3152 1529 3218 arboris
1613 3151 1662 3217 F
1666 3174 1687 3232 3
1705 3148 1993 3219 secundo
2070 3155 2210 3220 exis
2234 3158 2516 3221 articulis
2537 3159 2752 3238 pedum
2774 3156 2821 3219 B
2971 3201 2999 3235 ‚.
3038 3171 3209 3238 quo·

621 3230 824 3318 usque
866 3253 927 3297 os
968 3231 1225 3316 pestoris
1272 3233 1486 3300 eidem
1531 3251 1715 3299 ramo
1754 3233 2065 3300 innitatur
2105 3235 2478 3302 neceffitate
2518 3236 2861 3301 brevitatis
2891 3236 3212 3301 tendinum

623 3314 1015 3459 miesculorum
1047 3313 1301 3396 HILE‚
1346 3316 1793 3379 extendentium
1819 3317 2106 3380 articulos
2141 3320 2399 3399 pedum,
2442 3336 2485 3381 o
2535 3326 2713 3381 ortet
2794 3330 2871 3381 ut
2924 3318 2988 3380 d‘
3039 3319 3053 3332 '
3084 3319 3113 3380 i
3144 3313 3211 3380 E

625 3416 713 3459 va
742 3389 850 3460 id‘o
880 3393 1397 3480 constringantur
1426 3409 1663 3459 conatu
1681 3393 1840 3540 (οὲ,
1870 3395 2110 3461 &ideo
2137 3396 2453 3481 appi-ebe·
2520 3410 2633 3462 ent
2659 3362 2757 3461 ati'
2767 3395 2965 3462 instar
3022 3395 3212 3460 orci-

627 3492 788 3621 }mm
813 3472 1242 3543 ramusculum
1286 3474 1535 3541 arboris
1564 3472 1705 3541 FG.
1812 3494 1839 3541 t
1867 3474 1996 3540 hoc
2023 3473 2145 3540 fiet
2169 3495 2302 3542 non
2333 3478 2375 3543 a
2398 3478 2467 3544 vi
2492 3477 2740 3543 motiva
2767 3477 3216 3561 musculorum,

581 3606 584 3613 t
657 3554 1077 3637 edafimplici
1095 3556 1415 3640 gravitate
1441 3555 1712 3620 naturali
1729 3556 2023 3640 corporis
2045 3554 2203 3637 aviti,
2271 3557 2837 3625 uaedescendendo
2855 3562 3094 3623 omnes
3109 3576 3217 3650 arg

631 3637 846 3700 titulos
881 3639 1098 3718 pedum
1142 3637 1545 3730 cumplicare
1591 3635 1813 3729 debet.
1860 3635 2084 3728 Quare
2128 3576 2546 3729 nulio-opere
2588 3654 2805 3704 motus
2850 3639 3215 3704 voluntarii

630 3715 1059 3808 musculorum,
1104 3717 1166 3782 ἃ
1193 3718 1345 3782 ideo
1378 3715 1563 3782 nullo
1592 3714 1917 3782 laborioso
1950 3731 2231 3797 conatu,
2279 3720 2479 3784 immo
2508 3715 2907 3804 quiescendo.
2944 3719 3017 3785 δι
3051 3718 3213 3783 d‘or·

631 3797 935 3889 miendm
979 3815 1227 3863 ramum
1256 3796 1541 3877 arboris,
1587 3796 1694 3862 cui
1722 3797 2125 3880 innituntur,
2169 3797 2349 3868 firma
2376 3800 2439 3868 ὅ(
2481 3799 2696 3869 valida
2741 3799 3229 3868 constrictione

852 3955 996 4043 (a)
1040 3956 1232 4043 Prop.
1283 3976 1426 4044 150.
1473 3958 1683 4044 hujus.
2989 3898 3239 3966 appre-
