3419 4538
317 152 477 225 7DE
522 149 635 221 EF
636 148 689 220 F
692 147 1345 221 EVRESCENTIA
1362 197 1387 235 ,
1433 149 1566 219 ET
1585 146 2457 246 ΕΕΚΜΕΝΤΑΤῙΟΝΕ.
2665 173 2757 246 45

77 327 192 380 ‚ne
242 306 592 403 explicant
633 304 771 386 illi,
819 303 928 389 qui
977 304 1238 371 dicunt:
1285 304 1563 371 eandem
1608 304 1701 369 ob
1747 301 2020 373 causs'am
2066 322 2297 391 aquam
2341 298 2629 371 ex'mari
2679 303 2757 374 in

77 391 450 460 ‘sublimius
498 384 660 453 ferri
709 404 833 470 per
878 403 1070 452 terrae
1117 404 1361 480 poros,
1407 387 1498 452 ob
1543 405 1738 471 quam
1787 388 2010 474 liquorv
2036 387 2103 453 in
2144 385 2386 454 tubulis
2425 403 2750 481 perangu-

89 473 212 542 stis
269 469 577 538 ascendat
618 464 1243 552 ultra·superfic1em
1291 469 1336 533 li
1384 469 1562 534 uoris
1608 469 1875 535 tubulos
1922 467 2266 534 ambientis
2300 490 2324 553 ;
2368 486 2517 536 nam
2558 465 2606 533 fi
2648 481 2744 535 ita

94 575 206 622 res
267 551 666 639 explicanda
708 547 938 631 foret,
980 568 1309 634 nunquam
1387 547 1787 617 emonstrare
1831 549 2128 636 poss'ent‚
2168 567 2295 615 cur
2322 549 2609 616 eadema
2652 567 2740 616 ua

89 639 161 704 in
195 635 415 702 altum
458 633 794 700 elevata-e
829 645 1020 698 terrae
1064 631 1318 717 gremio
1349 631 1769 716 prolabatur,
1814 633 2111 700 videmus
2139 632 2315 697 enim
2349 631 2416 698 in
2449 649 2619 726 angu
2678 630 2737 699 ix

85 717 231 789 istis
285 715 570 794 tubalia,
616 713 777 780 licet
810 713 1138 780 tantillum
1166 709 1354 797 supra
1389 714 1726 798 *liquorem
1756 713 2158 781 ambientem
2186 707 2466 779 inclusus
2512 714 2737 798 liquot

94 801 400 867 emineat
481 813 811 879 nunquam
862 811 1080 860 tamen
1112 808 1299 860 extra
1340 812 1574 861 eorum
1619 814 1740 862 ora
1764 793 1898 862 sese
1931 794 2286 874 evolvere,
2318 792 2392 860 dt
2416 792 2488 860 in
2519 793 2740 878 liquo-

92 900 240 948 rem
276 844 668 971 substratum
688 875 1019 942 decidere.
1046 875 1501 970 ‘Commodius
1528 876 1752 962 itaque
1780 874 1870 943 fic
1901 876 2300 960 explicatur:
2323 887 2554 942 notum
2591 872 2688 942 est
2699 920 2736 957 ,

95 980 346 1048 aquam
376 1007 397 1033 ,
444 977 522 1024 m-
542 975 671 1041 qua
704 957 981 1023 multum
1014 954 1159 1023 salis
1202 953 1300 1021 est
1330 955 1702 1024 diss'olutum
1731 958 2104 1044 graviorem
2147 955 2277 1022 ess'e
2323 956 2552 1023 eadem
2584 955 2734 1024 dul·

92 1045 201 1125 ci3
251 1058 492 1107 verum
541 1057 704 1122 aqua
746 1039 1029 1119 marina,
1077 1053 1151 1103 ut
1193 1052 1378 1123 patet
1426 1057 1513 1104 ex
1557 1033 1828 1122 sapore,
1873 1038 2106 1105 multas
2146 1036 2498 1124 particulas
2541 1031 2736 1104 salsae

89 1125 160 1191 in
194 1124 266 1190 se
300 1121 644 1200 continet,
692 1118 973 1203 proinde
1005 1120 1132 1185 erit
1156 1123 1421 1204 gravior
1448 1136 1640 1204 quam
1669 1138 1836 1205 aqua
1860 1117 2153 1186 fontana
2243 1118 2354 1185 vel
2401 1116 2730 1198 fluvialisg

77 1203 443 1272 credibile
485 1202 571 1267 ita
623 1219 705 1265 ue
750 1200 885 1282 est,
938 1202 1119 1294 quod
1209 1217 1363 1267 uum
1410 1213 1582 1280 terra
1626 1202 1845 1269 vicem
1975 1214 2075 1267 rat
2125 1165 2319 1295 filtri,
2364 1217 2484 1285 per
2535 1199 2729 1282 cuju!

85 1305 303 1372 poros
340 1302 502 1368 aqua
537 1281 606 1346 so
637 1301 746 1348 um
778 1283 986 1349 du1c1s
1032 1297 1171 1348 tran
1224 1300 1297 1347 re
1372 1281 1580 1364 otest,
1621 1282 1862 1350 relictis
1890 1219 2528 1367 ffealinispamculis,
2573 1298 2725 1365 quae

84 1368 501 1515 gravitatem
548 1381 727 1447 aquae
772 1378 1051 1448 augent,
1096 1382 1262 1448 aqua
1358 1364 1525 1430 ulcis
1570 1381 1693 1449 per
1736 1378 1979 1431 terram
2018 1363 2218 1450 longe
2264 1362 2458 1431 altius
2498 1362 2725 1430 ascen-

137 1467 260 1515 ere
294 1446 571 1525 debeat,
619 1446 708 1509 ob
754 1443 1127 1513 immensam
1162 1444 1416 1512 Oceani
1459 1444 2025 1529 profunditatem,
2069 1444 2159 1511 ita
2191 1458 2267 1511 ut
2297 1444 2379 1511 ad
2426 1443 2724 1512 altissimt

82 1546 373 1616 quoque
404 1526 723 1593 montium
763 1524 1019 1610 fastigia
1052 1545 1171 1610 per
1203 1526 1594 1611 pressionem
1622 1545 1809 1612 aquae
1847 1527 2111 1594 marinae
2140 1525 2598 1622 protrudatur,
2633 1537 2725 1591 ex

84 1611 343 1697 quibus
382 1609 574 1689 dein,
620 1625 771 1676 cum
815 1608 985 1676 ultra
1017 1605 1395 1676 ascendere
1425 1623 1752 1694 nequeat,
1777 1609 2153 1682 rivulorum
2194 1605 2394 1685 mssar
2422 1619 2724 1680 emanet.

569 1845 695 2019 1²
944 1840 1479 2026 IN
1727 1841 1824 2022 Ι
2063 1846 2262 2020 S.
