3419 4538
515 204 647 283 276
864 196 1025 266 CAP.
1082 186 1300 261 XXII.
1363 191 1492 262 DE
1551 187 1840 261 MOTU
1896 183 2769 264 EXCANDESCENTIAE

533 347 901 424 struuntur,
947 339 1060 408 sed
1105 344 1300 409 etiam
1338 357 1662 429 coguntur
1690 343 2032 408 admittere
2058 345 2400 427 particulas
2444 345 2683 430 aliquas
2715 361 2884 407 acres
2927 343 2998 408 δε
3015 346 3185 427 fer-

533 440 874 507 mentatas,
919 426 956 490 ὲ
1021 426 1254 510 quibus
1300 421 1569 510 copiose
1607 425 1910 510 glandula
1955 428 2226 509 repletae
2287 423 2566 490 fuerant.
2657 424 2746 489 Et
2810 423 2989 488 hanc
3040 444 3176 508 po·

537 509 841 578 stremam
887 507 1341 590 operationem
1378 508 1513 571 cito
1546 504 1784 591 absque
1819 507 2118 571 diuturna
2161 524 2346 572 mora
2411 503 2659 573 absolvi
2701 503 2883 590 poffe
2953 503 3181 569 facile

540 591 978 677 percipimu3‚
1025 585 1273 652 sellicet
1303 588 1366 652 in
1404 586 1704 653 extremo
1754 587 2073 669 temporis
2119 582 2327 669 spatio
2344 635 2366 668 ,
2412 606 2544 682 quo
2604 588 2992 670 completur
3041 587 3183 669 ple·

548 676 724 748 thora
774 670 1207 756 glandularum
1257 666 1294 733 a
1334 668 1543 748 succis
1586 668 1947 756 glutinosis,
1993 688 2185 753 quam
2236 669 2468 752 reliqul
2513 668 2801 751 praediffl
2874 665 3190 732 effeetus

547 749 1051 835 consequuntur.
1140 749 1396 830 Modo,
1442 751 1593 834 quia
1623 752 2025 843 paroxxl‘mus
2038 752 2289 833 febrilis
2321 750 2500 816 nulla
2530 752 2653 816 alia
2681 751 2764 814 de
2801 745 3006 814 causa
3055 748 3198 826 fit,

550 834 667 903 nisi
700 835 848 917 quia
878 835 1054 896 nervi
1089 828 1511 896 obstruuntur
1539 832 1603 899 δε
1634 831 2115 912 mordicantur,
2161 831 2223 898 &
2273 831 2427 898 ideo
2469 832 2551 898 ad
2612 835 2917 895 cerebrum
2985 831 3054 895 &
3104 829 3192 894 ad

554 937 655 983 cor
688 915 1243 993 communicatur3
1292 911 1444 978 hinc
1476 911 1605 993 est,
1653 913 1833 998 quod
1862 911 1973 978 fiat
2006 913 2113 978 illa
2169 914 2442 993 celeriS,
2487 913 2551 980 δὲ
2654 911 2781 978 uafi
2826 908 3187 980 subitanea

558 995 835 1064 mutatio
880 995 917 1060 a
960 993 1123 1059 statu
1166 997 1389 1077 quietis
1432 995 1842 1077 adservarem
1868 995 2182 1078 febrilem:
2228 994 2627 1078 praecedenti
2678 1012 2751 1058 us
2796 1009 3034 1059 tamen
3088 994 3178 1057 le·

559 1076 756 1144 vibus
788 1076 915 1141 illis
939 1074 1446 1160 symptomatibus
1480 1078 1886 1162 inquietorum
1923 1075 2318 1169 somniorum,
2358 1079 2925 1160 perturbationum,
2977 1077 3180 1140 verti·

555 1163 772 1248 ginum
815 1158 935 1224 διε.
974 1174 1117 1242 quae
1144 1156 1600 1240 producuntur
1630 1158 1712 1223 ab
1743 1158 1827 1223 ali
1875 1158 2062 1221 uibus
2093 1157 2577 1223 irritatiunculis
2605 1157 2865 1223 levibus
2900 1156 2935 1223 ὲ
2959 1157 3192 1239 succis·

557 1240 989 1340 glandularum
1016 1240 1452 1333 fermentatis,
1495 1237 1685 1305 fastis
1721 1240 1787 1304 in
1825 1258 1862 1303 a
1890 1239 2148 1322 iquibus
2184 1240 2403 1322 paucis
2429 1239 2869 1322 capillamentis
2903 1233 3194 1316 ner-vostr

560 1342 696 1420 ¹lam
741 1321 1083 1386 obturatis.
1171 1319 1261 1385 At
1305 1317 1648 1404 postquam
1683 1320 1954 1385 omnino
2001 1320 2340 1402 completa
2378 1317 2581 1385 fuerit
2603 1322 2883 1402 plethora
2904 1321 3190 1416 glutinis

567 1424 636 1473 m
661 1402 1015 1552 &nadalia
1060 1399 1274 1467 subito
1309 1400 1736 1478 obstruuntur
1773 1399 2002 1481 crificia
2037 1420 2400 1482 nervorum,
2434 1401 2496 1467 ὁ(
2551 1404 2686 1465 ucci
2713 1422 2925 1466 mrvez
2959 1417 3188 1466 reten-

568 1489 622 1552 ti
766 1484 1081 1569 inquinati
1111 1480 1579 1548 fermentatur:
1627 1483 1689 1548 &
1724 1483 1876 1547 ideo
1904 1503 2000 1547 cor
2030 1483 2310 1548 irritatur
2327 1528 2360 1563 ‚.
2393 1482 2456 1548 ὅ(
2501 1483 2720 1548 emilis
2747 1483 3183 1566 excandesten·

583 1570 678 1634 tia
706 1561 1253 1648 exoritur-insigni
1285 1564 1753 1631 &vehementi
1768 1566 2041 1646 fervore.

663 1648 873 1714 Porro
900 1693 922 1727 ,
965 1645 1081 1711 nifi
1121 1645 1278 1711 adfit
1308 1646 1661 1729 peculiaris
1695 1646 1881 1710 causa
1924 1649 2147 1730 rigoris
2194 1646 2258 1713 &
2300 1644 2743 1732 frigescentioe,
2785 1639 3058 1730 semper
3082 1649 3178 1730 fe·

583 1733 757 1796 brilis
791 1727 1193 1813 paroxyfmus
1225 1727 1305 1794 ab
1326 1727 1521 1793 'initio
1552 1729 1784 1792 calidus
1817 1728 1941 1792 erit
1974 1747 2057 1792 ex
2102 1723 2193 1791 sui
2245 1742 2520 1808 natura;
2562 1742 2948 1826 propterea,
3002 1727 3186 1813 quot}

581 1813 619 1877 ἐι
656 1813 987 1876 vehementi
1018 1811 1211 1874 cordis
1246 1808 1462 1892 pulsu,
1510 1809 1773 1874 irritato
1808 1807 2229 1892 aspiranum,
2272 1810 2383 1874 vel
2397 1808 2610 1892 succis
2640 1811 3179 1888 nerveisfermen·

586 1897 776 1973 tutis,
802 1893 1065 1978 sanguis
1096 1890 1808 1974 vehementissimeper
1850 1908 2094 1975 corpus
2141 1892 2412 1973 circuit,
2455 1891 2911 1976 contrahitque
2962 1894 3184 1958 calidi·

587 1986 813 2055 tatem,
862 1990 936 2039 ut
974 1972 1216 2039 dietum
1256 1970 1353 2037 est
1398 1973 1542 2053 (a.)

666 2056 928 2138 Exponi
977 2055 1216 2120 ultimo
1250 2054 1404 2119 loco
1447 2053 1648 2120 debet
1681 2054 1858 2140 causa
1886 2058 1947 2120 ri
1990 2057 2113 2120 oris
2157 2056 2220 2122 &
2239 2057 2551 2143 frigoris,
2599 2073 2747 2122 curn
2807 2075 2941 2142 quo
2985 2058 3176 2142 aliqui

579 2137 933 2226 paroxysmi
958 2137 1214 2219 febriles
1245 2135 1585 2220 incipiunt.
1629 2137 1804 2232 Quae
1831 2134 1940 2204 for
1970 2157 2051 2204 an
2085 2137 2213 2203 effe
2242 2138 2527 2222 poterit,
2570 2141 2718 2223 quia
2730 2138 2998 2286 {anguis
3031 2158 3181 2204 nun-

592 2219 942 2308 quamsero
965 2221 1157 2285 urinoe
1186 2217 1457 2285 omnino
1489 2219 1817 2304 privatur,
1864 2239 2014 2289 cum
2055 2219 2200 2306 post
2248 2218 2699 2287 abstinentiam
2825 2234 2977 2304 potu
3029 2222 3181 2286 duo·

593 2323 781 2383 rum,
828 2302 937 2369 vel
969 2304 1162 2367 trium
1211 2302 1462 2368 dierum
1491 2304 1736 2385 meiant
1765 2302 1976 2369 adhuc
2004 2303 2323 2370 animalia.
2408 2301 2586 2387 Ergo
2631 2301 2770 2369 fieri
2815 2304 3078 2387 potest,
3117 2317 3183 2368 ut

595 2387 667 2452 in
691 2385 1005 2473 glandulis
1040 2380 1351 2467 obstruitis
1378 2389 1617 2452 arteriae
1646 2399 1958 2450 evomant
1998 2387 2342 2469 particulas
2387 2382 2683 2469 nitrosas,
2726 2388 2788 2454 ὅ(
2833 2388 2958 2452 alia
2983 2387 3174 2471 salut,

594 2486 740 2554 quae
775 2486 1031 2553 aqueum
1069 2470 1263 2531 urinae
1308 2466 1642 2547 humorem,
1688 2466 1752 2530 in
1795 2467 2105 2553 sanguine
2149 2466 2571 2550 existentem,
2617 2485 2700 2532 co
2752 2463 2889 2533 iose
2951 2468 3190 2535 inficie

598 2550 800 2631 bant,
848 2551 910 2617 ὁ(
939 2550 1029 2615 ob
1062 2548 1400 2633 peculiare
1484 2559 1850 2627 ermentum,
1898 2549 1962 2613 in
2011 2549 2324 2634 glandulis
2354 2549 2525 2614 male
2568 2550 2698 2616 affe
2765 2552 2815 2616 is
2909 2552 3183 2629 enitum,

598 2633 1051 2700 calchantinam
1081 2629 1143 2696 ὅ(
1174 2632 1413 2717 frigori
1486 2633 1587 2695 'am
1629 2642 1918 2694 naturam
1981 2632 2354 2715 acquirant3
2399 2632 2461 2696 ἀ
2514 2631 2778 2715 postea,
2920 2635 3100 2697 thora
3133 2630 3191 2695 δι

599 2710 986 2798 obsit-ustione
1030 2713 1405 2795 completa,
1449 2711 1489 2779 ὲ
1528 2712 1842 2796 glandulis
1884 2729 2003 2806 per
2049 2733 2267 2778 nervos
2312 2714 2394 2780 ad
2451 2717 2755 2778 cerebrum
2900 2714 3198 2799 spitualem

600 2796 916 2862 niedullam
945 2794 1326 2861 deferantur
1374 2794 1600 2876 (patet
1643 2792 1816 2858 enim
1847 2812 1954 2858 vra
1983 2795 2296 2879 expedita
2323 2798 2385 2862 &
2419 2791 2881 2880 compendiosa
2910 2798 2949 2862 ὲ
2981 2796 3192 2861 nervis

591 2880 819 2964 plexus
859 2878 1188 2941 abdominis
1217 2920 1236 2946 .
1281 2876 1391 2959 qui
1434 2892 1583 2940 cum
1614 2876 1985 2940 lumbaribus
2027 2879 2592 2943 communicantur
2625 2879 2692 2943 in
2720 2877 2964 2962 spinam
2990 2875 3212 2958 ἀστῇ)

606 2961 669 3025 ἐς
699 2960 847 3044 quia
880 2977 1111 3023 nerveoe
1127 2955 1298 3045 fibrae
1340 2955 1633 3020 facilime
1664 2956 2058 3024 vellicantur
2085 2960 2148 3025 ἃ
2178 2960 2508 3025 irritantur
2529 3004 2549 3038 ,
2597 2965 2872 3025 tremoris
2904 2961 2969 3025 δι
2991 2962 3212 3045 frigo-

605 3044 701 3107 ris
725 3038 969 3122 sensum
1001 3038 1091 3101 ob
1135 3037 1536 3121 peculiarem
1570 3039 1722 3104 nitri
1761 3055 2056 3108 naturam
2097 3042 2411 3108 inducere
2459 3040 2724 3125 possunt
2768 3044 2834 3108 in
2926 3042 3206 3128 rincipio

596 3119 988 3207 paroxysmi‚
1035 3137 1119 3185 ex
1162 3137 1285 3202 qua
1324 3118 1723 3212 contrabiione
1766 3121 2107 3189 &tremore
2131 3125 2401 3210 spiritus
2436 3139 2739 3208 torpent,
2785 3126 2847 3190 &
2876 3060 3033 3189 Eine
3077 3122 3210 3207 pul·

590 3202 715 3289 sus«
747 3199 1041 3271 contraiit·
1083 3202 1146 3269 &
1170 3204 1359 3295 parvi
1388 3198 1529 3266 frerl
1576 3203 1890 3287 poffunt3
1919 3207 1980 3272 &
2011 3207 2140 3273 hoc
2193 3208 2567 3290 continget,
2613 3207 2765 3272 dum
2837 3205 3220 3271 commotio

595 3286 774 3373 succi
802 3287 1013 3351 nervei
1057 3283 1297 3352 debilis
1343 3280 1460 3349 est.
1670 3320 1671 3323 =
2103 3322 2108 3327 -

693 3369 846 3436 Alio
881 3366 1014 3435 insu
1064 3386 1135 3433 er
1167 3363 1570 3452 modo-pastio
1597 3368 1874 3454 frigoris
1916 3369 1979 3435 in
2000 3370 2324 3455 principio
2346 3371 2694 3467 paroxysmi
2721 3369 2928 3437 creari
2961 3365 3205 3455 potest.

611 3453 676 3519 Si
711 3453 748 3518 e
788 3452 1020 3538 glandu
1056 3453 1099 3513 ‘s
1148 3444 1499 3530 obstrustis,
1528 3449 1834 3532 fermento
1893 3452 2218 3533 alteratis,
2264 3467 2786 3524 commumcetur
2832 3470 2952 3539 per
2991 3466 3212 3517 ner-ms

571 3593 574 3599 ,
596 3536 825 3622 succus
858 3550 993 3597 non
1030 3529 1329 3598 absimilis
1361 3530 1607 3615 spiritui
1650 3532 1937 3617 vitrioli,
1987 3552 2060 3600 ut
2115 3552 2272 3600 mox
2322 3535 2814 3620 infinuavimuS,
2857 3535 2920 3602 &
2977 3529 3206 3620 suppo·

613 3633 841 3683 namus
866 3660 900 3709 ,·
936 3613 1002 3679 in
1030 3615 1286 3680 medulla
1323 3614 1561 3698 spinali
1600 3613 1767 3697 sales
1809 3615 2075 3700 urinosbs
2116 3616 2197 3682 ab
2241 3622 2494 3683 arteriis
2538 3619 2857 3702 relinqui,
2900 3616 3010 3715 qui
3069 3631 3202 3681 cum

617 3714 1088 3764 ammoniacam
1134 3712 1431 3764 naturam
1468 3698 1795 3764 retineant
1842 3698 1866 3780 (
1884 3717 1969 3764 ex
1998 3702 2183 3764 urina
2215 3700 2389 3765 enim
2425 3701 2664 3767 confici
2693 3700 3050 3767 ammoniaci
3059 3697 3210 3783 filet

612 3777 876 3862 solent)
911 3777 1235 3845 commisti
1267 3778 1768 3864 cumspiritibus
1795 3782 2234 3873 §alemanni-r,
2264 3782 2505 3849 ibidem
2537 3783 3040 3880 fiumen-entiam
3070 3778 3204 3928 ῥῖψ’·

612 3864 750 3937 dam
779 3860 1150 3949 producere
1170 3861 1562 3946 poss'unt,ut
1591 3879 1990 3947 exp-mmm,
2009 3864 2325 3951 apudnos
2356 3864 2634 3935 ebulhre
2662 3866 2861 3936 talem
2885 3857 3100 3932 misce
3123 3876 3205 3927 am

835 4026 966 4113 (a)
1007 4025 1205 4113 Prop.
1254 4045 1403 4111 2²5·
1444 4026 1656 4114 hujus.

3347 3964 3357 4277 J
