3419 4538
1062 150 2025 244 12²EBR1L1s.
2712 185 2852 269 aar

231 324 506 415 quando
551 332 738 389 extra
768 333 985 384 nervos
1020 314 1383 404 asportetur
1439 321 1906 407 ejiciaturque‚
1953 338 2065 390 aut
2107 343 2256 392 cum
2306 328 2447 395 aliis
2503 331 2846 400 humoribus

232 408 592 478 misceatur
635 398 1209 486 confundaturque
1297 417 1408 466 aut
1449 409 1586 484 ejus
1630 416 1824 469 motus
1846 409 2328 487 fermentativus
2378 409 2661 494 fistatur,
2709 429 2857 481 tor--

235 493 436 576 pen,
479 498 1101 553 aut-commutetur.
1187 449 1390 574 Quod
1425 484 1772 550 evidenter
1807 483 2108 554 suadetur
2137 506 2222 553 ex
2265 508 2389 571 eo,
2436 496 2612 574 quod
2641 499 2842 579 perti-

240 570 614 638 nacissimus
640 569 876 631 morbus
908 575 1219 650 quartam
1243 565 1593 648 aliquando
1622 585 1888 633 curatur
1916 569 1954 633 a
2010 568 2281 654 fimplici
2324 573 2640 655 opinione
2698 581 2844 660 ine,

235 650 655 719 vehementis
683 650 970 732 angoris,
1019 662 1128 710 aut
1174 648 1443 711 timoris:
1489 647 1674 730 cujus
1729 650 1899 715 ratio
1942 646 2070 716 esse
2111 652 2409 735 videtur,
2455 657 2608 740 quia
2647 671 2844 725 motus

231 737 554 801 vehemens
582 731 644 797 ὁ(
672 724 1543 875 concitatiffimussfiricuum,
1579 726 1690 793 seu
1702 730 2023 814 succorum
2051 753 2405 800 nerveorum
2431 738 2849 824 perturbare,

235 815 463 884 fistere
493 814 556 880 δε
581 813 999 879 commutare
1016 818 1202 894 potel
1275 812 2025 892 motumfermentativum
2071 817 2436 881 eorundem
2463 817 2786 904 succorum
2812 870 2846 905 ,

242 898 313 964 ἃ
338 897 423 963 fic
458 891 833 961 introducto
866 909 1019 956 novo
1050 903 1252 977 motu,
1278 892 1482 974 febris
1511 896 1782 959 omnino
1817 894 2134 962 eliminari
2225 898 2418 966 otest.

327 977 498 1044 Haec
528 975 791 1062 quidem
819 973 1080 1047 febrium
1123 976 1394 1051 curatio,
1525 994 1582 1067 ,ae
1630 989 1704 1039 ut
1747 976 2096 1069 plurimum
2155 914 2525 1061 spontaneo
2565 980 2840 1053 Nature

239 1074 437 1128 motu
487 1055 715 1141 perfici
769 1049 974 1148 solet,
1034 1069 1251 1119 tamen
1310 1055 1426 1119 arti
1480 1073 1586 1121 cio
1630 1056 1821 1138 periti
1882 1058 2179 1138 Medici,
2223 1057 2580 1128 secundum
2626 1067 2839 1134 artem

238 1140 615 1225 operantis,
656 1137 941 1217 adiuvari
975 1133 1155 1219 poss‘e
1185 1133 1455 1220 Natura:
1485 1153 1835 1230 conatum,
1876 1158 2107 1206 omnes
2158 1159 2288 1207 uno
2346 1161 2466 1209 ore
2523 1145 2841 1215 fatenmr.

239 1223 502 1288 Verum
549 1218 878 1297 remedia,
927 1235 1070 1301 quae
1107 1216 1189 1282 ab
1218 1236 1358 1283 arte
1388 1217 1673 1283 adhiberi
1716 1216 1964 1299 solent,
2011 1222 2205 1289 valde
2249 1224 2494 1292 incerta
2538 1226 2601 1292 ἀ
2638 1229 2843 1296 ambi·

238 1324 374 1391 gua
412 1300 593 1382 sunt,
637 1315 712 1364 ut
750 1298 1100 1383 peritiores
1145 1299 1220 1364 ἀ·
1251 1299 1583 1365 doctiores
1613 1299 1864 1366 Medici
1911 1301 2156 1369 fincere
2214 1302 2545 1375 fatentur:
2588 1310 2844 1376 &licet

230 1400 528 1451 eventus
571 1381 928 1467 aliquando
986 1376 1166 1445 usum
1206 1381 1690 1465 praecipuorum
1736 1382 2358 1454 medicamentorum
2404 1391 2843 1475 comprobare

236 1466 596 1545 videatur,
638 1477 857 1529 tamen
885 1457 1135 1527 casuale
1167 1462 1228 1528 ὅ(
1273 1460 1744 1529 fallacisfimum
1774 1463 1905 1545 est,
2040 1467 2099 1532 ia
2143 1481 2218 1532 ut
2266 1469 2619 1552 plurimum
2632 1473 2844 1553 febres

247 1545 397 1615 sunt
425 1545 774 1623 salutareS,
821 1544 890 1608 in
932 1543 1207 1627 quibus,
1251 1541 1385 1608 five
1417 1542 1727 1637 Medicus
1754 1545 1925 1612 bene
1952 1485 2036 1613 qd}
2078 1546 2433 1616 secundum
2476 1566 2726 1634 artem,
2767 1551 2845 1620 {i-

247 1649 338 1695 ve
370 1627 551 1694 male
581 1627 642 1693 ὅ(
672 1623 1013 1710 perverse,
1053 1623 1188 1690 five
1218 1626 1307 1690 nil
1351 1642 1622 1690 ommno
1660 1643 1705 1690 o
1755 1642 2011 1712 eretur,
2054 1630 2475 1699 nihilominus
2507 1639 2654 1720 σενι·
2696 1654 2847 1718 per-

242 1709 430 1778 fecte
481 1704 971 1774 convalescunt.
1055 1705 1240 1788 Ergo
1303 1707 1366 1771 in
1416 1706 1547 1771 hoc
1592 1725 1669 1771 ca
1699 1726 1781 1789 u,
1839 1727 1988 1774 cum
2048 1712 2467 1796 operationes
2510 1715 2576 1782 ἀ
2621 1718 2841 1783 mede-

245 1795 333 1862 lae
375 1786 680 1871 diversae,
724 1788 789 1854 &
817 1788 990 1853 inter
1032 1783 1096 1852 se
1139 1788 1479 1853 contrariae
1579 1807 1766 1883 aeque
1804 1790 2113 1873 juvamen
2168 1791 2412 1861 afferre
2459 1797 2848 1881 videantur,

247 1871 585 1969 quomodo
614 1869 1056 1942 fundamentis
1086 1884 1432 1955 tantopere
1458 1834 1810 1938 f’allacibus
1850 1873 1915 1940 dt
1956 1875 2420 1945 vacillantibus
2478 1878 2668 1946 inniti
2726 1898 2848 1966 po·

248 1970 540 2026 terimus.

332 2036 391 2103 E
420 2049 651 2102 contra
674 2011 1254 2120 aliquando'febrer
1285 2032 1324 2098 s
1315 2049 1430 2100 unt
1462 2034 1632 2100 adeo
1655 2050 1866 2118 pravo
1882 2083 1905 2117 ,
1949 2050 2024 2102 ut
2049 2038 2361 2122 quaelibet
2405 2041 2846 2111 medicamen·

246 2133 326 2186 ta
367 2118 656 2184 adhibita
698 2131 811 2182 aut
837 2134 971 2181 non
1024 2116 1258 2210 juvent
1342 2131 1453 2181 aut
1508 2132 1831 2196 noceant3
1890 2136 1976 2183 ex
2024 2119 2259 2203 quibus
2316 2119 2699 2204 deducitur,
2746 2139 2851 2189 tu-

246 2202 387 2350 -Hus
414 2198 575 2276 esse,
621 2197 751 2265 fine
783 2211 1039 2284 urgenti
1076 2163 1455 2264 necestitate
1486 2195 1568 2263 ab
1599 2198 1779 2264 omni
1815 2198 2299 2267 medicamento
2362 2198 2684 2276 artificiafi
2729 2205 2846 2295 ab·-

316 2302 513 2349 inere.
1919 2304 1922 2307 >

176 2376 182 2385 ·
332 2360 490 2432 Non
538 2364 588 2430 is
618 2378 837 2431 tamen
865 2358 1042 2443 sum,
1086 2375 1163 2427 ut
1218 2362 1488 2429 omnino
1533 2364 1762 2430 Artem
1807 2362 2187 2446 Medicam,
2231 2383 2306 2430 ut
2351 2365 2691 2449 inutilem,
2736 2381 2850 2437 aut

242 2449 514 2515 noxiam
573 2448 877 2513 damnem
908 2490 930 2525 ‚
985 2445 1049 2511 &
1110 2439 1521 2528 proscribere
1579 2446 1803 2513 velim.
1887 2444 2040 2510 Scio
2073 2447 2137 2513 in
2201 2462 2377 2512 tanta
2419 2448 2848 2533 ambiguitate

242 2530 663 2613 (dummodo
724 2526 1103 2612 praejudicia
1158 2529 1679 2611 removeantur)
1722 2527 1897 2593 bene
1943 2525 2125 2611 poss'e
2170 2527 2472 2593 diuturna
2516 2530 2579 2596 ὅ(
2633 2525 2846 2619 sagaci

232 2608 716 2677 observatione
781 2606 1252 2692 quamplurima
1303 2608 1783 2675 medicamenta
1842 2624 2029 2675 certo
2085 2609 2508 2694 comprobari
2551 2654 2554 2657 ι
2619 2612 2708 2679 ita
2759 2627 2847 2678 ¹ut:

245 2695 536 2777 semper,
589 2706 701 2757 aut
729 2688 1139 2774 frequentius
1186 2689 1441 2773 juvent.
1526 2690 1614 2755 Et
1660 2690 1792 2758 hoc
1850 2691 2256 2785 experientia
2320 2659 2694 2776 quotid'iana
2735 2712 2851 2781 pa·

230 2789 392 2854 -·tet·,
435 2772 532 2840 his
575 2771 765 2857 plane
795 2771 1151 2855 prudenter
1194 2772 1258 2838 &
1285 2771 1505 2857 debita
1534 2776 1845 2839 cautione
1872 2789 1966 2839 uti
1999 2773 2384 2857 poterimus.

336 2855 623 2935 Verum,
668 2867 740 2918 ut
780 2852 863 2919 ad
910 2871 1034 2936 pro
1085 2849 1316 2918 ofitum
1371 2854 1675 2932 redeam,
1717 2855 1998 2921 intentio
2039 2854 2413 2940 principalis
2473 2857 2729 2925 Medici
2775 2859 2845 2926 in

239 2950 403 3005 eura
428 2938 699 3020 febrium
720 2934 763 3019 s
767 2950 839 3000 ut
869 2952 955 2999 ex
971 2933 1033 2999 di
1103 2935 1155 2998 is
1188 2934 1557 3020 colligitur)
1582 2935 1714 3002 ess'e
1748 2935 1989 3018 debet,
2020 2951 2096 3002 ut
2126 2933 2542 3020 obstrufflones
2565 2936 2848 3021 vasorum

237 3022 715 3087 excretoriorum
742 3018 1098 3100 tollantur,
1146 3016 1383 3102 &sales
1412 3020 1856 3102 fermentantes
1885 3034 2503 3103 contemperentur,
2549 3021 2850 3089 abhibito

228 3107 370 3169 ‘cibo
397 3102 462 3167 &
529 3111 632 3165 otu
661 3098 931 3164 tenui&
963 3094 1247 3181 aquos0,
1292 3117 1376 3164 eo
1406 3100 1584 3185 quod
1598 3100 1900 3187 saliums
1951 3104 2149 3166 aratio
2183 3100 2267 3167 ab
2284 3101 2623 3169 humoribus
2649 3106 2712 3171 ὁ(
2739 3123 2847 3171 ex-

218 3181 433 3279 spuma
524 3179 694 3247 nstra
736 3177 1064 3264 speratur,
1109 3198 1259 3247 cum
1272 3182 1475 3264 sales,
1548 3185 1712 3249 accis
1735 3113 2164 3277 glanffuzarum
2201 3180 2402 3249 semel
2457 3185 2740 3251 imbibiti
2761 3184 2846 3252 'dc

247 3264 701 3349 incorporati,
750 3279 923 3346 aegre
950 3261 1187 3347 possint
1220 3264 1301 3328 ab
1347 3263 1475 3329 illis
1532 3281 1754 3330 ecerm
1797 3264 1861 3331 ἀ
1913 3263 2086 3329 e‘ici.
2175 3261 2491 3330 Videmus
2538 3267 2714 3330 enim
2757 3265 2844 3330 ab

243 3365 289 3421 a
340 3365 420 3410 ua
469 3345 711 3413 marina
766 3361 902 3407 non
944 3343 1166 3428 posse,
1213 3343 1327 3412 nisi
1368 3338 1812 3411 destillatione
1855 3346 1918 3410 di
1974 3343 2153 3409 oluta
2198 3363 2234 3408 a
2404 3346 2471 3411 in
2528 3364 2846 3430 vapores,

244 3364 418 3493 fiaes
446 3426 718 3510 separari
739 3472 762 3505 ,
805 3423 868 3490 &
898 3445 1031 3491 non
1062 3427 1369 3493 omnino:
1405 3427 1625 3519 potius
1656 3427 1673 3491 i
1724 3430 1854 3492 itur
1882 3426 2169 3521 praedicli
2199 3423 2260 3491 sa
2289 3445 2361 3491 es
2391 3443 2864 3521 contemperag

238 3511 300 3579 ri
356 3509 418 3576 &
446 3509 770 3573 dulcorari
915 3507 1115 3589 ss'unt,
1175 3509 1285 3573 vel
1329 3507 1652 3575 admisceo
1703 3528 1747 3573 o
1791 3506 1987 3573 fluida
2030 3506 2357 3575 menstrua
2387 3512 2849 3595 appropriata,

222 3590 368 3656 -vel
402 3589 780 3655 adhibendo
842 3590 963 3655 alia
1006 3593 1367 3671 contraria,
1409 3605 1483 3654 ut
1526 3591 1901 3675 experimur
1930 3590 1994 3653 in
2039 3607 2201 3672 aqua
2251 3587 2455 3672 forti,
2498 3608 2640 3677 quae
2682 3594 2847 3658 acri-

245 3671 416 3739 dine
456 3667 653 3737 salina
681 3671 928 3737 vitrioli
962 3671 1353 3738 &aluminis
1383 3672 1843 3755 componitur,
1889 3669 1983 3736 est
2024 3670 2191 3737 adeo
2234 3672 2488 3753 valida,
2536 3688 2611 3739 ut
2650 3673 2848 3757 poffit

250 3766 600 3837 argentum
662 3752 1017 3818 corrodere
1050 3800 1071 3832 ‚
1139 3753 1204 3819 ὅτ.
1258 3751 1606 3823 diss‘olvere
1644 3754 1730 3819 fin
1784 3767 2044 3819 atomos
2108 3754 2558 3820 minutifflmos
2601 3775 2623 3835 ς
2697 3756 2853 3820 huic

242 3851 428 3899 =vero
469 3850 648 3918 aquae
707 3830 874 3899 forti
930 3832 973 3899 fi
1032 3834 1355 3901 addantur
1408 3830 1570 3901 sales
1628 3832 2057 3914 ammoniaci,
2098 3835 2309 3901 multo
2373 3854 2438 3900 m·
2524 3836 2572 3899 is
2627 3854 2855 3917 acres,

249 3933 456 4000 quam
481 3912 608 3981 fint
639 3915 974 3983 vitriolum
1016 3917 1078 3983 ἅ
1119 3916 1416 3998 alumen,
1460 3917 1703 3984 nedum
1733 3917 1866 3983 vim
1903 3916 2235 3997 majorum
2276 3934 2396 3983 cor
2655 3918 2854 4010 Inep

462 4022 465 4027 ’
2640 4016 2857 4084 acqui·
