3419 4538
582 190 714 255 240
1033 165 1238 237 Cap.
1294 164 1554 236 XVII.
1638 167 1784 236 DE
1861 166 2168 240 FAME
2245 165 2389 268 ET
2470 163 2710 234 SITL

586 320 739 385 duci
785 317 1026 385 debeat
1083 316 1164 381 ab
1209 317 1423 401 aliqua
1461 319 1613 385 reali
1670 318 1850 404 causa
1896 332 2192 403 operante.
2278 315 2450 384 Haec
2497 331 2718 384 autern
2766 332 2842 381 ut
2887 315 3220 402 indagari

588 401 824 485 possit,
871 394 1194 477 observo,
1242 401 1417 481 quod
1438 398 1613 484 paffio
1640 401 1840 484 famis
1884 420 2019 466 non
2065 401 2272 467 oritur
2333 417 2416 463 ex
2478 418 2658 465 mera
2718 400 3032 465 debilitate
3061 447 3089 482 ‚
3144 401 3215 466 δι

590 481 823 564 defectu
868 483 1145 563 partium
1203 479 1613 573 integralium
1661 484 1990 548 animalis:
2046 501 2194 548 nam
2254 495 2325 544 ut
2372 481 2723 563 plurimum
2783 482 3019 564 aegroti
3097 500 3212 546 ca·

592 577 743 629 rent
773 559 1272 656 stimulofamis,
1320 561 1476 626 hcet
1490 565 1801 647 spiritus,
1831 565 2090 651 sanguis
2140 564 2202 629 dt
2241 562 2447 642 Jblidae
2495 573 2703 646 partes
2750 579 2982 626 eorum
3060 562 3212 627 val·

586 644 677 709 de
729 643 1062 708 diminutae
1104 639 1260 722 fint3
1305 643 1367 708 &
1431 643 1601 710 bene
1662 644 1958 710 valentes
2020 643 2169 730 post
2222 643 2486 728 longam
2546 646 2806 707 inediam
2865 644 3210 727 languent

593 724 900 809 quidem,
946 732 1010 788 at
1024 724 1197 804 fame
1241 741 1372 789 non
1410 725 1873 810 molestantur,
1920 745 2111 811 quam
2145 726 2346 809 paulo
2417 740 2572 789 ante
2619 721 3017 789 sentiebant.
3077 725 3206 808 lgi-

596 821 704 872 tur
763 823 918 869 vera
978 803 1155 887 causa
1198 805 1396 885 famis
1458 803 1553 872 est
1611 811 1958 873 mordicatio
2009 811 2352 872 tunicarum
2393 804 2454 870 &
2501 806 2886 870 varvulorum
2943 810 3205 871 ventri·

592 889 761 967 culi,
799 904 943 970 quae
1000 886 1269 950 excitari
1330 905 1466 952 non
1511 885 1716 968 solet,
1759 887 1870 955 nifi
1919 889 2178 973 quando
2201 885 2544 985 stomachus
2591 884 2937 951 exhaustus
2976 888 3207 953 omni-

593 986 683 1034 no
728 964 968 1046 fuerit,
1017 980 1177 1030 tunc
1220 968 1391 1032 enirn
1418 967 1595 1112 succi
1639 970 1901 1053 quidam
1933 967 2214 1048 corrosivt
2257 966 2294 1034 a
2336 962 2498 1044 valis
2539 971 2891 1032 excretoriis
2926 969 3203 1053 glanda-

595 1049 824 1129 larum,
870 1047 1102 1133 quibus
1133 1052 1417 1113 ventricu
1443 1054 1467 1113 i
1488 1046 1838 1135 substantia
1885 1048 2132 1116 referta
2177 1047 2282 1116 ⁴est
2310 1096 2330 1130 ‚
2392 1060 2789 1112 evomuntur
2833 1049 3002 1114 intra
3054 1053 3198 1134 ejus

589 1134 920 1196 cavitatem
938 1176 960 1210 ,
1008 1125 1218 1202 &suis
1248 1130 1492 1195 aculeis
1520 1131 1804 1217 nervosas
1834 1135 2073 1197 tunica&
2102 1129 2460 1217 pungendo
2485 1129 3032 1212 &moi-dicanda,
3084 1153 3199 1197 ne·

593 1213 750 1278 dum
793 1230 905 1275 eas
932 1227 1324 1294 corrugant,
1369 1206 1479 1276 sed
1508 1228 1826 1296 praeterea
1867 1208 2159 1295 molestam
2185 1212 2248 1278 ὀί
2272 1208 2632 1292 dolorificam
2655 1222 2699 1292 p
2907 1233 2969 1276 m
3002 1214 3197 1279 indu-

589 1308 788 1372 cunt,
834 1310 1025 1376 quam
1053 1292 1268 1370 famen
1304 1311 1640 1360 vocamus,
1729 1293 1887 1359 Hoc
1919 1290 2225 1360 suadetur
2270 1312 2354 1357 ex
2406 1310 2534 1372 e0,
2580 1309 2710 1388 quo
2770 1339 2795 1373 ,
2843 1291 3196 1378 postquam

591 1374 852 1457 repleto
883 1370 1181 1454 stomacho
1221 1373 1409 1448 fames
1452 1389 1760 1459 exempta
1802 1373 1951 1457 est',
2015 1390 2176 1441 tunc
2215 1373 2422 1457 succis
2465 1375 2654 1438 acidis
2768 1388 2881 1439 aut
2949 1379 3193 1440 acribus

586 1456 811 1521 denuo
838 1454 1067 1537 famem
1122 1453 1462 1540 irritamus.
1550 1456 1637 1521 Et
1678 1457 1883 1539 fames
1923 1459 2145 1522 canina
2204 1454 2394 1520 nullis
2451 1457 2600 1519 cibis
2656 1418 2862 1520 &dari
2908 1454 3190 1539 potest;

640 1536 742 1601 uia
774 1552 1011 1619 nempe
1042 1537 1382 1599 membrana
1412 1536 1473 1605 &
1504 1540 1682 1603 nervi
1709 1533 2002 1622 stomachi
2029 1551 2355 1623 perpetuo
2398 1535 2437 1601 a
2461 1534 2643 1618 succo
2682 1533 2980 1614 corrofivo
3025 1556 3189 1603 mor·

592 1556 933 1694 flicantun
978 1614 1109 1683 five
1141 1615 1230 1680 ob
1261 1614 1371 1681 insi
1420 1635 1573 1682 nem
1603 1619 1741 1699 eius
1770 1622 2194 1699 acrimoniam,
2237 1614 2372 1683 five
2413 1614 2452 1682 ὲ
2487 1613 2830 1700 profluvio,
2861 1618 3184 1686 abundan-

594 1713 697 1767 ter
730 1694 941 1764 effuso
973 1696 1056 1762 ab
1084 1695 1213 1761 illis
1257 1636 1416 1779 vast}
1463 1703 1821 1765 excretoriis
1861 1701 2315 1787 glandularum.

747 1779 956 1846 uando
986 1796 1151 1842 vero
1183 1778 1324 1843 talis
1354 1776 1537 1873 paffio
1568 1800 1867 1846 connexa
1896 1781 1989 1848 est
2033 1800 2183 1848 curn
2224 1780 2479 1865 deliquio
2509 1825 2532 1861 ,
2575 1778 2637 1845 &
2682 1777 2911 1863 insigni
2961 1783 3186 1848 vir-im

582 1878 698 1949 pro
753 1865 1024 1941 ratione,
1071 1873 1230 1944 tunc
1259 1860 1524 1943 quidem
1574 1859 1823 1941 sedari,
1869 1864 1980 1928 vel
2015 1859 2242 1928 saltem
2277 1860 2600 1927 moderari
2637 1858 2815 1947 pqffio
2863 1861 3083 1946 potest
3111 1863 3185 1928 ab

591 1948 865 2014 odoribus
907 1942 969 2008 δι
990 1941 1202 2024 succis
1256 1943 1557 2006 cardiacis
1582 1990 1605 2023 ,
1670 1957 1989 2040 quatenus
2011 1944 2284 2028 spiritus
2322 1940 2710 2010 reficiuntur
2739 1991 2764 2025 ‚
2822 1958 2937 2008 aut
2994 1956 3182 2025 motu,

592 2046 724 2112 quo
755 2025 925 2110 fibra
956 2041 1187 2091 nerveae
1234 2022 1640 2092 lancinantur
1668 2044 1739 2090 vt
1779 2026 2056 2114 quadam
2099 2027 2407 2094 narcotica
2434 2070 2459 2107 ‚
2505 2025 2762 2112 quictem
2815 2021 3181 2096 nanciscun-

597 2122 723 2176 tur.

1130 2298 2654 2425 PRoPost‘rtaCCIII.

1401 2527 1729 2645 Causam
1784 2524 1951 2617 fitis
2014 2535 2383 2624 indicare.

684 2750 1134 2824 Necess'arium
1178 2749 1304 2815 effe
1344 2749 1615 2834 fluorum
1651 2759 1901 2836 potus⁸‚’
1950 2760 2128 2839 tum,
2164 2770 2240 2822 ut
2284 2756 2349 2823 in
2391 2750 2675 2833 stomacho
2718 2754 2956 2819 cibaria
2999 2752 3173 2820 solida

592 2835 841 2937 ingesta
870 2833 1068 2913 dilui,
1114 2832 1381 2926 effluere
1408 2832 1471 2898 ὅ(
1500 2835 1810 2900 macerari
1841 2837 2114 2921 poffint,
2163 2856 2344 2920 tum,
2388 2830 2801 2903 ut·inserviat
2833 2836 2917 2899 ad
2962 2837 3180 2920 cbylam

573 2922 841 3007 fluidum
871 2962 894 2996 ,
937 2929 1011 2977 ut
1051 2912 1309 2979 faclhus
1337 2932 1455 2997 per
1484 2912 1803 3000 angustias
1833 2920 2111 2998 vasorum
2143 2919 2460 2986 lactearum
2491 2915 2707 3000 excipi
2744 2915 2806 2981 ὅ(
2838 2932 3179 2981 excurrere

590 3000 822 3086 ponit,
869 2997 932 3061 ἀ
960 2995 1263 3076 tandem,
1308 3011 1382 3059 ut
1412 2994 1579 3077 fibroe
1611 2998 1672 3063 &
1707 3002 1924 3065 tunice
1955 3003 2288 3066 ventriculi
2334 2994 2684 3066 madefiant
2716 3018 2737 3079 ;
2796 2994 2841 3061 fi
2879 3000 3061 3064 enim
3099 2997 3185 3063 ni·

588 3083 711 3148 mis
745 3074 1148 3155 arescerent,
1194 3075 1437 3161 ineptae
1470 3075 1672 3143 essent
1700 3080 1782 3145 ad
1811 3095 2003 3146 motus
2032 3082 2095 3147 ἀ*
2121 3080 2499 3168 expreffiones
2532 3077 2927 3144 efficiendas.

673 3156 893 3226 Modo
926 3153 1107 3240 paffio
1132 3155 1278 3238 fitis
1325 3174 1438 3231 aut
1465 3159 1715 3244 pendet
1757 3181 1841 3227 ex
1871 3166 2162 3230 ariditate
2191 3165 2474 3246 faucium
2502 3206 2524 3240 ,
2561 3161 2716 3245 guloe
2757 3159 2820 3227 fit
2848 3155 3142 3253 stomachi
3163 3205 3189 3240 ,

590 3257 704 3311 aut
735 3257 820 3304 ex
865 3241 1144 3307 acredine
1166 3240 1398 3326 salium
1426 3287 1449 3323 ,
1489 3242 1723 3325 quibus
1760 3247 1975 3311 tunicoe
2066 3245 2464 3311 raedictarum
2513 3241 2793 3328 partium
2842 3238 3187 3308 1nfarciun-

596 3341 722 3391 tur.
828 3318 1002 3385 Utro
1050 3341 1133 3388 ue
1178 3321 1380 3388 modo
1425 3320 1604 3405 causa
1646 3322 1925 3409 paffionis
1965 3263 2112 3406 Ᾰὲἰε
2158 3324 2252 3391 est
2293 3324 2595 3390 vellicatio
2639 3340 2971 3388 nervorum
2999 3370 3024 3403 ,
3082 3335 3187 3388 aut

592 3407 745 3491 quia
789 3402 870 3469 ab
900 3405 999 3467 ari
1039 3409 1190 3476 itate
1236 3406 1589 3470 tunicarum
1635 3407 2194 3491 comprimuntur,
2235 3407 2298 3475 &
2341 3406 2407 3472 in
2456 3415 2621 3470 motu
2667 3403 3021 3501 earundem
3057 3424 3182 3473 ner·

593 3487 743 3571 vtffoe
773 3481 945 3567 fibra
973 3486 1410 3557 distrahuntur
1432 3532 1457 3571 ,
1500 3485 1612 3557 vel
1645 3488 1792 3573 quia
1823 3504 2201 3576 punguntur
2243 3488 2281 3558 a
2304 3487 2534 3584 salinis
2571 3485 2814 3556 aculeis.
