3419 4538
612 262 741 330 180
1254 239 2486 316 Car-XDEHEPATS

618 397 748 470 test
777 446 798 481 ‚
845 416 926 484 an
975 396 1111 463 bilis
1143 443 1166 479 ‚
1226 415 1369 482 quae
1415 395 1451 464 ὲ
1497 396 1695 482 jecore
1735 389 2064 480 separatur
2097 441 2116 473 ,
2164 391 2505 458 recondita
2550 388 2751 458 fuerit
2792 389 2856 457 in
2885 389 3254 477 praedictis

620 484 873 552 arteriis
904 527 928 562 ,
974 479 1264 544 immixta
1286 479 1588 564 sanguini
1629 477 1946 560 arterioso,
1994 493 2074 540 an
2123 472 2345 559 potius
2384 474 2647 565 sanguis
2687 491 2924 557 purus,
2971 475 3251 544 abner·
3345 551 3346 560 ἵ

626 565 844 652 gendo
876 562 1130 628 cloacas
1159 562 1486 625 abdominis
1520 606 1543 641 ,
1602 559 1875 643 colligat
1918 559 2086 623 intra
2113 575 2299 621 venas
2326 557 2681 638 mesaraicas
2710 555 2943 640 biliosus
2967 554 3250 642 sordes,
3343 575 3346 656 j

627 641 862 730 easque
904 653 1065 707 venae
1111 653 1296 724 portoe
1332 641 1564 706 tradat.
3343 671 3346 680 ‹

708 727 798 794 Et
841 722 1194 809 profecto,
1228 721 1275 789 fi
1320 725 1454 787 bilis
1500 740 1650 788 cum
1718 742 1757 788 a
1892 722 1980 786 'ne
2024 718 2316 803 arterioso,
2340 717 2702 783 commixta
2742 717 2964 786 fuisset
2995 768 3024 801 ‚
3077 740 3250 791 nun-

627 827 819 896 quam
859 804 1179 888 compleri
1209 802 1422 889 poffet
1467 822 1549 868 ex
1600 804 1661 868 ul
1716 739 2074 868 offiarum
2116 800 2425 866 librarum
2469 801 2607 863 bilis
2637 846 2661 881 ,
2703 801 2767 867 in
2799 805 3064 872 humano
3090 807 3254 889 san-

620 893 813 980 guine
843 884 1214 965 existentis,
1263 883 1300 949 a
1342 885 1540 951 canali
1617 905 1648 949 s
1692 886 1996 964 bellariis,
2043 881 2152 946 vel
2190 878 2419 946 saltem
2464 880 2611 963 post
2650 900 2724 946 12
2769 882 2960 949 horas
2992 886 3250 952 inediae

627 970 1000 1058 pauciffime
1039 965 1452 1034 instillaretur
1483 1013 1505 1047 ‚
1548 981 1621 1030 ut
1661 963 1986 1032 ostensum
2029 961 2142 1029 est.
2236 962 2438 1053 Quod
2484 979 2699 1028 tamen
2746 982 3088 1048 repugnat
3134 987 3248 1033 cx-

629 1051 1010 1140 perientiae:
1053 1047 1310 1132 semper
1352 1048 1529 1113 enim
1563 1048 1975 1131 reperiuntur
2009 1039 2191 1130 cyllis
2222 1045 2491 1128 &porus
2534 1045 2815 1111 hiliae-ius
2846 1048 3144 1132 turgidi,
3183 1050 3248 1117 α

636 1132 1046 1203 abundanter
1089 1128 1438 1199 effundunt
1479 1130 1648 1194 bilem
1679 1130 1745 1194 in
1774 1130 2118 1193 duodenum.

712 1215 1085 1291 Praeterea,
1123 1209 1167 1276 fi
1201 1211 1339 1275 bilis
1383 1226 1858 1355 expurffiaretur
1903 1208 1940 1274 a
1969 1205 2128 1289 vasis
2169 1206 2411 1288 lasteis,
2457 1206 2519 1274 ἃ
2558 1226 2690 1293 per
2724 1208 3106 1287 thoracicum
3141 1216 3254 1280 aar·

634 1298 797 1364 stum
828 1295 910 1360 ad
938 1313 1039 1358 cor
1067 1290 1475 1372 deferretur,
1516 1293 1578 1357 ὃς
1658 1292 1764 1355 inc
1802 1308 1922 1375 per
1963 1292 2225 1355 arterias
2253 1289 2334 1356 ad
2361 1291 2634 1358 abdomen
2663 1290 2727 1356 &
2748 1291 2928 1374 hepar
2956 1296 3248 1361 circum·

634 1381 1026 1454 duceretur,
1053 1373 1355 1460 sanguini
1383 1372 1665 1451 arterioso
1691 1371 2046 1436 commixta
2078 1369 2277 1453 effet3
2322 1369 2565 1436 &ideo
2602 1365 2889 1455 sequitur
2911 1376 3102 1442 idem
3137 1379 3246 1442 ab-

634 1459 897 1526 surdum
935 1456 1069 1539 jam
1099 1468 1483 1520 enarratum.
1573 1448 1841 1537 Insuper
1887 1449 2280 1531 considero,
2327 1451 2504 1536 quod
2548 1468 2663 1518 aut
2704 1455 2844 1519 bilis
2885 1455 2984 1521 est
3005 1458 3244 1543 succus

636 1539 972 1638 proficuus
1001 1583 1023 1618 ,
1071 1534 1550 1621 perfectionem
1576 1533 1881 1621 sanguini
1928 1534 2289 1599 inducens:
2353 1551 2514 1617 ergo
2536 1532 2806 1619 sanguis
2839 1534 3087 1622 absque
3131 1542 3246 1606 bite

635 1618 1064 1706 1mperfe6tus
1110 1617 1306 1696 effet3
1349 1616 1412 1683 ἀ
1444 1617 1596 1683 ideo
1635 1616 1861 1709 inepte
1893 1614 1928 1680 ὲ
1955 1612 2206 1680 Natura
2233 1615 2369 1678 bilis
2414 1612 2451 1680 a
2471 1613 2782 1701 sanguine
2810 1614 3246 1706 separaretur,

635 1703 966 1772 laboraret
995 1698 1173 1764 enim
1201 1697 1291 1763 ob
1313 1699 1556 1764 malum
1586 1697 1896 1763 ammalis.
1944 1696 2032 1761 At
2102 1694 2145 1760 fi
2176 1696 2312 1760 bilis
2346 1694 2442 1761 est
2471 1710 2908 1763 excrementum
2938 1704 3244 1788 noxium,

637 1782 909 1852 stultitia
953 1797 1215 1866 quoque
1262 1778 1424 1844 effct
1455 1825 1478 1859 ,
1524 1772 1839 1858 exsugere
1883 1742 2115 1859 bilicsas
2185 1778 2349 1841 ordes
2388 1794 2472 1842 ex
2515 1777 2742 1845 cloaca
2773 1779 3247 1868 intestinorum,

635 1883 713 1933 ut
734 1865 1102 1950 sanguinem
1132 1859 1447 1926 inficeret
1475 1860 1538 1927 ὅ(
1568 1872 2041 1941 corrumperet.
2201 1875 2352 1922 uare
2383 1877 2520 1924 non
2564 1859 2828 1928 videtur
2853 1865 3240 1950 probabile,

635 1945 955 2015 Naturam
1000 1939 1335 2009 instituisse
1381 1942 1829 2007 circulationem
1872 1939 2013 2004 bilis
2087 1956 2159 2002 er
2188 1957 2289 2002 cor
2315 1939 2378 2004 &
2404 1957 2525 2023 per
2552 1948 2861 2024 arterias;
2903 1945 3097 2011 restat
3120 1950 3238 2032 igi-
3345 1941 3346 1980 ³

636 2045 744 2096 tur
772 2075 795 2110 ‚
843 2040 916 2091 ut
955 2019 1367 2092 solummodo
1412 2040 1533 2116 per
1575 2024 1862 2087 abdomen
1880 2017 2032 2088 abso
2063 2035 2290 2102 vatur,
2332 2038 2483 2087 cum
2511 2022 2693 2092 nulla
2740 2024 2863 2092 alia
2890 2029 3031 2110 via,
3070 2047 3244 2113 pra-.-

640 2116 743 2182 t'er
787 2108 901 2178 has
942 2106 1138 2188 duas,
1185 2104 1472 2191 affignan
1518 2103 1745 2190 poffit..
2748 2143 2760 2160 2

1193 2291 2251 2393 PRoPozsr‘rr'o
2362 2297 2686 2395 CLII,

755 2535 1257 2645 Quaeruntur
1316 2526 1619 2623 ductus
1662 2526 1777 2636 &3⁴
1819 2524 2056 2616 modi
2072 2587 2099 2631 ,
2153 2537 2422 2647 quibus
2474 2527 2916 2651 circulatio
2954 2530 3132 2629 bilis

1198 2688 1204 2695 ·
1542 2678 1695 2775 per
1742 2655 2170 2750 abdomen
2200 2659 2344 2766 fit.

728 2882 1003 2951 Certum
1051 2885 1145 2952 est
1171 2931 1207 2966 ,
1255 2896 1584 2967 perpetuo
1631 2883 1803 2948 bilem
1848 2884 1911 2946 in
1957 2881 2284 2946 duodenum
2341 2878 2596 2948 effundi
2652 2885 3237 2959 neccffitatecom·

697 2965 985 3032 ressionis
1026 2967 1353 3029 abdominis
1383 3007 1403 3042 ‚
1465 2976 1541 3025 ut
1585 2962 1827 3026 dictum
1875 2961 1965 3026 est
1996 3006 2019 3040 ,
2077 2958 2218 3031 five,
2252 2962 2334 3027 in,
2362 2965 2490 3027 inte
2543 2966 2665 3029 inis
2710 2965 2919 3034 adfint
2961 2970 3246 3053 cibaria,

564 3042 579 3055 “
646 2985 964 3111 {actenus
996 3045 1060 3109 in
1089 3042 1389 3127 stomacho
1422 3055 1787 3120 macerata,
1837 3040 1968 3107 five
2012 3059 2170 3107 nom
2245 3042 2438 3134 Quan
2487 3064 2530 3110 o
2577 3044 2803 3112 adsunt
2830 3049 3007 3132 cibi,
3049 3068 3240 3135 tunc,

648 3125 982 3216 completa
1034 3143 1207 3190 nova
1236 3124 1702 3203 fermentatione
1743 3123 1808 3188 in
1851 3119 2161 3207 intestinis
2186 3170 2209 3204 ‚
2274 3143 2399 3189 una
2458 3144 2602 3208 pars
2645 3129 2912 3196 minima
2954 3135 3095 3199 hilis
3140 3153 3236 3201 ex·

651 3220 945 3270 cermtur
975 3222 1124 3271 cum
1149 3207 1409 3289 faecibus
1442 3221 1513 3269 cr
1554 3202 1654 3269 ssis
1684 3252 1707 3287 ,
1765 3206 1828 3272 &
1863 3223 2009 3290 pars
2055 3206 2333 3272 maxima
2361 3203 2643 3287 ejusdem
2687 3226 2836 3275 cum
2881 3213 3050 3297 chylo
3096 3234 3233 3281 con-

648 3280 794 3352 fusa
825 3305 950 3352 una
980 3305 1130 3353 cum
1164 3305 1280 3369 ea,
1374 3304 1471 3353 uae
1548 3304 1585 3350 e
1616 3303 1795 3353 novo
1829 3288 1983 3371 colli
2034 3289 2197 3368 itur,
2252 3306 2336 3352 ex
2382 3288 2542 3353 cibis
2593 3284 2924 3375 exsugitur
2967 3294 3006 3359 a
3033 3293 3238 3379 por-ofi-

598 3432 599 3439 ,
652 3370 893 3435 tatibus
916 3374 1223 3453 parietum
1250 3415 1275 3451 ,
1438 3371 1806 3436 -tunicarum
1836 3306 2274 3455 intestinorum.
2361 3369 2449 3434 A‘t
2477 3371 2687 3457 jejuna
2726 3384 2942 3439 ventre
3028 3395 3236 3444 neces-

648 3447 838 3518 fitate
880 3469 1144 3546 quoque
1196 3450 1578 3517 mechanica
1632 3469 1754 3535 per
1781 3448 2178 3533 filtrationem
2208 3450 2289 3515 ab
2327 3447 2569 3516 eisdem
2605 3450 2890 3545 orificiis,
2965 3475 3050 3523 eu
3192 3462 3204 3474 ⁶

648 3535 995 3675 εᾳνίῥεαζαᾶη
1010 3528 1448 3676 btntestinorum
1490 3533 1627 3597 bilis
1656 3578 1679 3612 ,
1737 3549 1847 3599 aut
1891 3533 2168 3619 quilibet
2209 3532 2370 3597 alius
2411 3531 2639 3616 succus
2682 3533 2930 3602 1bidem
2973 3472 3233 3607 exiam

651 3629 737 3681 ex
857 3632 878 3675 1
968 3630 1005 3676 e
1057 3627 1143 3679 et.
2681 3624 2685 3629 ’
3217 3648 3226 3665 ·

688 3631 908 3765 ,Durgco
943 3692 1190 3774 modo,
1282 3694 1417 3763 uod
1446 3694 1602 3780 vasa-
1632 3695 1929 3779 chylifera
1971 3694 2280 3780 Aselliana
2327 3696 2495 3760 bilem
2544 3690 2861 3793 exflagere
2906 3721 3046 3770 non
3103 3700 3225 3788 pos·

646 3769 1029 3866 sunt,‘sed,
1069 3792 1180 3840 aut
1225 3712 1461 3859 aylam
1492 3789 1760 3859 purum,
1805 3792 1913 3843 aut
1949 3777 2250 3861 *lympham
2290 3775 2381 3841 ob
2437 3795 3007 3862 proportlonatam
3048 3783 3226 3851 confi·

771 3869 1064 3921 amonem
1090 3854 1452 3938 orificiorum
1483 3858 1826 3943 excipere:
1873 3878 2059 3940 nam,
2103 3859 2150 3927 fi
2178 3858 2350 3924 bilem
2379 3860 2525 3924 cxci
2577 3877 2799 3942 erent,
2850 3882 2996 3932 eam
3040 3868 3113 3933 ad
3137 3883 3232 3930 cor

695 3932 911 4001 eferte
943 3935 1266 4002 deberent
1297 3955 1419 4021 per
1445 3937 1688 4003 austum
1718 3942 2121 4027 warwicum,
2161 3940 2224 4033 ὃς
2254 3939 2480 4023 postea
2476 3877 2573 4025 fil?
2643 3946 2776 4009 uini
2791 3945 3219 4015 admiscerent.

647 4014 850 4125 Quod
883 4014 1121 4091 falsum
1166 4016 1330 4104 effe,
1374 4017 1795 4092 ostendimus.
1885 4017 2107 4111 Quare
2153 4020 2503 4092 arcendum
2546 4040 2585 4091 e
2654 4070 2679 4109 ,
2740 4026 2928 4109 quod
2988 4027 3228 4193 ahgi-“1355
