3419 4538
766 138 2126 215 *ANIMALIUM
2405 137 2414 144 ’
2699 169 2822 238 231

718 339 1764 431 PRoPos1T10
1876 338 2303 435 CXCII.

325 556 744 652 Animalia
777 525 1048 672 aliqua
1078 556 1249 664 sola
1287 554 1615 669 arenosa
1649 573 1889 645 terra
1923 561 2233 682 nutriri
2266 557 2664 686 videntur.

274 768 486 863 Quod
518 767 732 849 aliqua
776 765 1079 831 animalia
1126 765 1424 849 aquatilia
1453 811 1475 846 ,
1520 778 1595 829 ut
1640 764 2031 850 conchylia,
2078 764 2387 848 musculi,
2435 787 2496 834 m
2550 770 2705 852 tuli,
2748 770 2816 841 δε

197 852 317 919 alia
344 851 597 916 minuta
630 844 954 925 testacea,
997 842 1111 911 sub
1156 867 1351 912 arena
1396 848 1588 912 maris
1633 847 2046 931 detegentia,
2094 852 2454 914 nutriantur
2501 788 2637 916 {ola
2673 873 2814 920 are·

195 954 277 1000 na
312 981 334 1014 ,
382 933 544 997 licet
575 925 920 1012 suspicari,
965 946 1113 993 cum
1147 928 1237 993 nil
1273 929 1442 994 aliud
1477 931 1542 993 in
1575 947 1805 994 eorum
1833 932 2151 1006 ventribus
2182 931 2584 1013 reperiatur,
2617 953 2812 1017 quam

194 1015 304 1083 sim
357 1015 467 1079 lex
500 1031 695 1076 arena
719 1058 740 1091 ,
789 1009 827 1074 a
855 1029 980 1093 qua
1009 1010 1410 1075 obruuntur:
1456 1029 1585 1075 nec
1614 1024 1777 1074 motu
1799 1023 1910 1094 pro
1954 1007 2158 1094 refflvo
2234 1012 2424 1076 abula
2471 1018 2814 1097 quaeritare

339 1110 500 1172 unt,
548 1091 697 1172 sed,
742 1095 811 1155 'in
844 1092 1080 1155 eodem
1115 1092 1269 1156 loco
1304 1092 1793 1176 permanend0‚
1836 1087 1907 1156 so
1939 1111 2164 1158 ummo
2212 1112 2256 1157 o
2310 1114 2370 1157 os
2406 1103 2657 1178 aperire
2704 1115 2816 1162 va·

219 1196 327 1243 ent
350 1226 372 1258 ,
422 1177 488 1241 ἀ.
517 1174 822 1257 excipere
850 1172 1247 1239 ambientem
1273 1192 1535 1240 arenam
1564 1175 1883 1239 madidam
1904 1222 1925 1256 ‚
1974 1192 2166 1258 quam
2196 1171 2409 1240 forsan
2441 1181 2676 1258 muria,
2697 1176 2812 1244 seu

179 1260 356 1345 succo
371 1258 801 1341 fermentitio,
848 1272 980 1338 quo
1014 1256 1383 1336 abundant,
1410 1255 1762 1322 diffolvere
1797 1256 2060 1338 possunt
2092 1257 2157 1321 in
2194 1256 2632 1325 minutissimas
2662 1278 2810 1344 par-

198 1342 467 1419 ticulas,
513 1355 586 1404 ut
617 1358 652 1403 a
699 1355 799 1402 uae
846 1334 1190 1402 corrofivae
1221 1337 1582 1403 durissimos
1631 1334 1841 1402 filices
1871 1339 1949 1422 ⁴&
1991 1337 2260 1402 metalla
2305 1341 2697 1421 corrodunt,
2745 1341 2812 1407 dc

196 1421 260 1486 in
275 1425 527 1504 fluorem
552 1423 622 1486 di
677 1418 950 1497 olvunt3
997 1437 1141 1502 quae
1171 1421 1507 1502 particulae
1536 1416 1858 1499 arenosae,
1953 1417 2135 1484 ostea
2168 1418 2310 1485 fieri
2342 1421 2558 1504 potest
2583 1468 2602 1499 ‚
2636 1439 2708 1487 ut
2741 1424 2809 1489 in

195 1504 468 1567 conchae
501 1504 564 1568 &
607 1502 870 1567 aliarum
919 1502 1198 1584 partium
1250 1501 1384 1582 ejus
1431 1504 1868 1564 nutrimentum
1958 1502 2214 1567 abeant.
2309 1501 2378 1566 ld
2421 1500 2808 1585 ipsum'dici

240 1584 374 1649 offe
408 1583 669 1649 videtur
697 1584 779 1647 de
810 1580 938 1646 illis
972 1580 1219 1647 balanis
1260 1578 1584 1666 pisciculis
1613 1629 1635 1662 ,
1683 1580 1795 1645 seu
1827 1583 2201 1660 lumbricis,
2251 1583 2359 1666 qui
2405 1583 2573 1648 intra
2601 1582 2803 1649 duris·

192 1604 387 1733 gmos
417 1662 719 1748 scopulos
794 1681 1177 1744 enerantur,
1223 1666 1285 1730 ἀ
1313 1661 1419 1728 sua
1452 1665 1628 1729 mole
1658 1664 1937 1752 implent
1967 1663 2239 1729 cellulas
2268 1711 2289 1744 ,
2334 1665 2413 1730 ad
2450 1666 2803 1731 animalcu-

189 1749 233 1815 li
265 1750 557 1814 exastam
587 1765 737 1813 men
769 1763 948 1810 uram
983 1761 1324 1811 excavatas
1357 1768 1373 1810 ε
1423 1764 1703 1830 cumque
1737 1746 1901 1810 tales
1946 1746 2201 1811 cellulae
2226 1793 2245 1826 ,
2290 1747 2351 1812 ὅ(
2383 1741 2623 1812 inclusa
2668 1749 2802 1814 ani·

192 1830 474 1896 malcula
504 1848 635 1894 non
665 1826 789 1894 fint
819 1822 1104 1908 eiusdem
1153 1823 1503 1909 mensurae;
1550 1845 1712 1913 ergo
1757 1827 2002 1893 ibidem
2049 1822 2346 1893 crescunt
2378 1876 2398 1908 ‚
2446 1829 2507 1894 δε
2557 1829 2801 1896 eodem

193 1911 528 1996 progress‘u
557 1910 817 1975 cellulae
847 1909 1235 1992 ampliantur
1264 1955 1286 1989 ,
1333 1929 1416 1974 eo
1447 1909 1625 1994 quod
1656 1911 1721 1974 in
1751 1910 1928 1974 nulla
1959 1909 2173 1992 ampla
2206 1910 2444 1974 cellula
2475 1914 2801 1993 reperitur

192 1998 518 2060 minutum
547 1991 1005 2058 animalculum
1024 2037 1045 2069 ,
1090 1991 1266 2075 quod
1300 1990 1474 2056 illam
1508 2009 1643 2054 non
1678 1991 1952 2073 repleat.
2004 1989 2228 2081 Quare
2261 1992 2496 2072 conjici
2535 1991 2798 2075 potest,

241 2076 376 2140 uod
406 2074 495 2139 oh
526 2075 841 2158 parietum
872 2073 1280 2136 internorum
1314 2069 1760 2138 corrofionem
1791 2071 2048 2136 cellulae
2077 2072 2507 2154 amplientur,
2556 2073 2619 2138 &
2649 2071 2683 2138 ὲ
2702 2093 2820 2139 ra·-

224 2158 356 2221 uris
386 2154 834 2221 animalculum
871 2151 1029 2217 illud
1062 2155 1395 2231 nutriatur,

276 2237 344 2304 N
355 2256 431 2303 ec
458 2234 785 2332 dici-poss‘e
818 2249 1018 2320 pum,
1063 2253 1146 2300 ex
1175 2230 1309 2301 sola
1338 2253 1500 2320 aqua
1536 2234 1776 2301 marina
1808 2233 2179 2300 tellinarum
2211 2231 2496 2299 conchas
2530 2236 2799 2320 nutriri;

189 2321 271 2389 ad
306 2320 459 2406 quid
494 2338 663 2385 emm
694 2334 937 2382 tantam
970 2335 1179 2382 arenae
1227 2318 1487 2401 copiam
1524 2331 1833 2383 vorarent
1862 2363 1884 2396 ,
1929 2317 1990 2382 ὅ(
2035 2317 2202 2380 intra
2250 2315 2482 2407 visitesa
2530 2320 2826 2403 excipe--

184 2418 338 2469 rent
368 2406 391 2465 ?
430 2402 487 2468 E
519 2420 719 2486 quare
750 2399 960 2465 balani
1039 2400 1275 2465 arietes
1307 2400 1687 2466 cellularum
1717 2397 2189 2478 corroderent,
2236 2396 2281 2463 fi
2312 2397 2563 2481 optime
2594 2402 2800 2467 nutri·

187 2486 241 2551 ri
271 2486 356 2551 ab
387 2505 417 2550 a
466 2504 547 2549 ua
574 2482 846 2566 fimplici
876 2500 967 2565 po
1019 2480 1183 2545 ent?

267 2565 423 2663 Quo
499 2564 731 2647 postca
759 2565 902 2629 talis
933 2560 1466 2646 metamorphosis
1494 2581 1628 2629 non
1659 2560 1736 2627 fit
1765 2560 2541 2647 impoffibili3‚probatur
2573 2563 2790 2631 acon·

188 2661 384 2714 traria
413 2648 707 2713 afflone:
754 2647 1051 2710 videmus
1081 2644 1290 2725 enim,
1339 2643 1906 2729 asuccosanguinis
1982 2645 2272 2724 enerari,
2319 2645 2544 2710 nutriri
2588 2647 2650 2711 δε
2679 2665 2791 2711 au-

178 2733 321 2815 geri
357 2752 385 2793 ο
431 2750 505 2809 a,
552 2730 613 2795 ὅ(
640 2730 879 2806 dentes,
926 2727 988 2792 dt
1015 2727 1244 2818 lapillos
1276 2728 1343 2791 in
1372 2726 1699 2811 visceribus
1728 2726 1940 2790 anima
1971 2727 2142 2806 ium;
2189 2744 2333 2810 quae
2363 2727 2581 2793 omnia
2610 2743 2795 2792 natu-

178 2832 320 2878 ram
453 2809 923 2876 confistentiam
957 2807 1275 2892 lapideam
1312 2807 1573 2873 habent.
1636 2806 1809 2891 Ergo
1839 2809 1876 2872 e
1924 2804 2247 2873 converso
2294 2808 2495 2892 lapilli
2539 2809 2792 2875 a'renofi

174 2892 442 2978 possunt
474 2894 690 2959 denuo
722 2890 975 2958 diffolvi
1011 2890 1073 2952 in
1088 2888 1649 2985 fluorqmsangzcini
1694 2889 2040 2974 analogum
2126 2889 2160 2955 a
2193 2909 2326 2974 quo
2355 2911 2491 2956 caro
2520 2894 2790 2959 tendinu-

178 2974 238 3040 l'a
252 3022 278 3057 ,
327 2977 393 3042 ὅ(
422 2973 598 3041 testae
627 2975 889 3040 illorum
924 2971 1295 3038 animalium
1324 2974 1549 3038 nutnri
1581 2974 1641 3040 ἃ
1669 2974 1885 3056 augeri
1916 2990 2007 3056 po
2064 2986 2198 3038 unt.
2848 3000 2858 3009 ·

665 3165 1697 3259 PRoPos1T1o
1831 3162 2315 3259 CXCIII.

227 3384 650 3474 Animalia
683 3384 954 3498 aliqua
987 3382 1100 3491 ἐξ
1112 3385 1434 3499 plantas
1440 3382 1622 3496 sola
1652 3411 1870 3499 aqua.
1876 3379 2164 3494 fhrsan
2181 3385 2494 3469 nutriri
2518 3381 2737 3499 ροβε.

249 3604 512 3672 Ostreae
543 3605 653 3673 sco
706 3607 826 3673 ulis
872 3607 1116 3690 affixae,
1162 3607 1273 3673 vel
1308 3603 1766 3692 super-posim,
1812 3623 1897 3671 ne
1946 3624 2028 3669 ue
2086 3612 2389 3688 arenam,
2439 3607 2493 3673 ὲ·
2520 3626 2647 3691 qua
2691 3608 2787 3675 di·

160 3684 385 3768 stant,
430 3707 580 3755 com
675 3705 834 3770 unt,
882 3709 1096 3773 neque
1129 3691 1363 3756 herbas
1393 3737 1414 3771 ‚
1460 3690 1497 3755 ὰ
1541 3690 1773 3773 quibus
1819 3698 1927 3753 m'u
1960 3690 2157 3755 toties
2202 3708 2335 3755 non
2381 3689 2790 3755 circumdan-

163 3787 312 3848 tur,
361 3788 487 3835 nec
520 3767 910 3856 pisciculos»,
956 3791 1230 3854 quorum
1263 3770 1626 3865 fragmenta
1672 3789 1997 3854 nunquam
2031 3770 2097 3837 in
2147 3789 2378 3837 eorum
2420 3773 2789 3837 ventriculis

164 3852 632 3935 reperiuntur,
678 3869 751 3916 ut
781 3852 861 3916 ab
893 3852 1217 3921 ostreariis
1248 3852 1489 3933 didici3
1534 3849 1643 3918 sed
1692 3853 2145 3918 tantummodo
2190 3874 2286 3917 ore
2315 3864 2515 3935 aperto
2559 3871 2593 3917 a
2641 3870 2790 3916 uam

166 3932 450 4001 ebibere
480 3935 663 4020 poss’e
693 3934 1021 4004 videntur.
1111 3936 1183 4006 Id
1210 3932 1419 4022 ipsum
1449 3931 1835 4002 observatur
1865 3935 1929 4001 in
1963 3934 2367 4020 conchyliiS,
2417 3930 2528 3998 seu
2559 3931 2795 4077 oscae?
