3419 4538
1141 187 2170 270 PRIMARIO.
2819 212 2956 287 υς

308 359 691 430 τεωετεες
733 362 896 434 ergo
948 341 1191 412 frustra
1218 345 1286 411 in
1312 343 1687 426 pulmonibus
1716 342 1891 410 idem
1918 342 2108 410 labor
2149 341 2560 426 efficeretur,
2605 356 2680 410 ut
2764 363 2946 414 aucae

302 451 533 521 -guttae
565 450 748 515 aquae
781 430 849 495 in
880 447 959 494 va
1008 446 1156 493 ores
1196 423 1472 491 redactae
1504 425 1918 508 ejicerentur.
1998 425 2327 492 Praeterea
2368 446 2534 512 aqua
2576 445 2661 491 ex
2718 429 2782 494 ui
2830 448 2944 496 na·

329 530 482 582 ωτι
512 510 928 578 libentissime
986 509 1122 576 ales
1150 507 1538 592 insanguine
1568 503 1922 572 existentes
1950 508 2272 575 combibit
2357 509 2421 574 ἀ
2460 510 2627 574 intra
2656 503 2723 573 se
2759 511 2937 577 exci-

314 597 474 682 -pit3
514 594 574 660 ὅ(
603 593 754 659 hinc
788 590 925 672 est,
970 588 1148 684 quod
1171 608 1335 674 aqua
1364 605 1574 680 „quae
1618 606 1686 652 ln
1714 591 1890 653 venis
1918 604 2168 655 morata
2216 554 2344 668 esf,
2388 591 2451 655 ὅ(
2492 607 2614 674 per
2641 594 2885 656 urinam
2912 631 2976 674 ‚-

328 691 450 743 aut
456 674 708 760 sudores
737 687 1112 739 excernitur
1139 717 1162 753 ,
1210 686 1533 735 acerrimo
1581 664 1712 734 sale
1754 670 2166 735 ammoniaco
2211 667 2499 752 nitroso,
2544 671 2606 737 δι
2650 687 2939 740 tartareo

317 756 810 901 impraeffnatur.
887 753 956 820 Si
985 752 1183 838 igitur
1207 751 1249 817 ὲ
1280 753 1457 815 venis
1491 750 1839 844 pulmonum
1883 765 2130 845 exeunt
2166 770 2451 836 vapores
2492 753 2683 838 aquei
2727 751 2939 840 exspi-

314 857 490 918 τιτι,
582 834 879 901 eferrent
913 833 1134 900 secum
1177 831 1454 898 eandem
1485 849 1867 897 acerrimam
1897 825 2312 914 salsedmem,
2357 833 2754 920 insanguine
2793 838 2936 904 exi·

310 919 645 996 stentem,
690 917 753 982 ὄι
780 916 975 982 valde
1019 914 1334 981 laederent
1363 909 1471 977 sua
1504 912 1813 978 acredine
1851 913 1914 979 ὅ(
1955 914 2382 980 mordacitate
2416 917 2752 998 pulmonem
2788 917 2937 985 abs·

362 1020 450 1066 ue
479 1000 614 1065 ulla
641 997 1042 1063 necessitate.
1125 992 1389 1087 Insuper
1430 994 1837 1086 experientia
1881 994 1947 1059 id
1989 991 2197 1078 ipsum
2243 991 2506 1061 suadet:
2551 1015 2705 1065 nam
2747 1003 2937 1068 urina

314 1019 693 1165 {sudorem
787 1084 851 1143 ui
883 1076 1119 1162 absque
1148 1076 1353 1141 dubio
1382 1077 1783 1158 exstinguine
1810 1075 2089 1158 vasorum
2136 1077 2588 1171 egrediuntur,
2634 1076 2780 1146 sunt
2824 1100 2931 1147 ac·
3039 1145 3062 1156 ,

317 1163 580 1229 cerrimi
614 1161 676 1226 ἀ
707 1155 768 1223 sa
797 1158 881 1239 fi3
923 1176 990 1224 at
1019 1175 1340 1242 vapores,
1384 1174 1505 1239 per
1532 1157 1990 1240 exspirationem
2032 1157 2260 1240 ejecti,
2304 1156 2648 1244 insipidi&
2692 1161 2923 1230 dulces

312 1240 511 1322 sunt,
558 1239 862 1306 fimillimi
878 1240 1088 1325 succis
1110 1237 1561 1325 glandularum.

407 1323 661 1391 Ultimo
698 1321 855 1387 loco
883 1322 1089 1388 malus
1122 1322 1260 1385 odor
1289 1366 1312 1400 ,
1360 1318 1469 1403 qui
1504 1316 1586 1383 ab
1630 1318 1954 1403 aliquibus
2000 1314 2395 1404 exspiratur,
2444 1338 2579 1387 non
2623 1323 2871 1391 evincit
2898 1371 2926 1407 ,

318 1406 488 1472 tales
519 1418 867 1488 corruptos
895 1401 1118 1468 fumos
1144 1400 1182 1467 ὲ
1202 1400 1585 1487 pulmonibus
1619 1401 1870 1481 emitti3
1915 1401 2063 1486 quia
2093 1401 2352 1466 aliunde
2383 1401 2671 1486 constat,
2701 1401 2926 1489 stome-

321 1489 535 1566 cbum,
576 1484 739 1550 male
770 1482 1078 1551 affectum
1110 1481 1149 1549 ὲ
1192 1502 1302 1548 cra
1351 1482 1493 1562 ula,
1539 1481 1900 1563 ebrietate,
1946 1482 2010 1548 &
2037 1480 2073 1548 a
2104 1482 2264 1548 cibis
2295 1477 2583 1566 foetidis,
2629 1487 2927 1554 eructare

313 1586 550 1652 graves
574 1565 721 1632 illos
753 1570 991 1646 odores,
1037 1583 1122 1630 eo
1198 1582 1285 1629 uo
1374 1581 1503 1629 una
1539 1559 2003 1647 cumfiomacbo
2043 1559 2412 1629 afficiuntur
2448 1566 2748 1652 glandula
2788 1568 2922 1653 ‹est›-

293 1651 537 1743 pbagi,
622 1649 733 1712 ulae
762 1647 823 1714 δε
893 1648 1062 1711 alati.
1187 1663 1294 1711 mc
1322 1641 1460 1725 est,
1504 1644 1685 1727 quod
1729 1648 1831 1708 aei·
1858 1643 2231 1725 smeerus,e
2251 1647 2630 1729 pulmonibus
2660 1649 2917 1730 exiens,

302 1748 380 1797 m
413 1745 553 1797 tran
606 1745 678 1792 tu
710 1746 831 1812 per
884 1746 1006 1794 oca
1033 1726 1268 1794 foetida
1294 1727 1677 1811 contagium
1705 1721 1966 1810 suscipit
1995 1726 2034 1792 a
2066 1727 2250 1792 tetris
2280 1727 2406 1792 illis
2437 1731 2920 1823 evaporationi-

300 1809 452 1877 bus.
544 1808 704 1876 Hoc
734 1808 1157 1875 confirmatur
1185 1854 1208 1888 ,
1274 1806 1425 1891 quia
1453 1837 1492 1888 ,·
1523 1807 1870 1873 emendata
1898 1803 2191 1891 stomachi
2238 1808 2665 1902 intemperie,
2710 1812 2918 1878 malus

301 1893 426 1959 ille
458 1895 597 1958 odor
627 1887 975 1956 evanescit.
1056 1888 1114 1956 E
1158 1904 1390 1955 contra
1435 1906 1520 1953 ex
1645 1889 1937 1954 lmonibus
1977 1887 2148 1955 male
2196 1888 2448 1957 affefihs
2478 1937 2501 1971 ,
2560 1891 2924 1960 dummodo

286 1992 444 2056 ‚non
473 1972 600 2040 fint
677 1971 904 2051 atridi,
948 1971 1012 2038 δι
1041 1969 1354 2050 ulcerofi,
1398 1969 1462 2036 δι
1489 1964 1559 2054 sp
1609 1971 1885 2052 acelati,
1930 1990 2068 2037 non
2100 1972 2348 2038 exeunt
2357 1969 2561 2056 flatus
2595 1972 2836 2041 foetidi.

286 2130 301 2140 ,
387 2054 496 2121 Ex
526 2053 633 2140 qui
684 2071 756 2118 us
786 2052 1090 2119 omnibus
1120 2050 1515 2117 concludere
1547 2052 1745 2132 licet,
1792 2052 1973 2137 quod
2004 2071 2122 2137 per
2151 2054 2608 2139 exspirationem
2637 2075 2772 2122 non
2804 2056 2916 2140 eji-

303 2136 577 2203 ciuntur
602 2131 943 2219 fuligines,
989 2148 1062 2199 ut
1089 2133 1126 2200 ὲ
1156 2132 1346 2217 lignis
1374 2131 1729 2197 combustis
1760 2132 2066 2199 exhalant
2084 2180 2107 2213 ,
2127 2152 2252 2199 nec
2282 2146 2691 2217 excrementa,
2709 2137 2923 2220 &sor-

308 2220 418 2285 des
452 2219 645 2282 cordis
677 2215 740 2281 Gt
749 2215 1123 2310 sanguinis,
1166 2232 1315 2280 cum
1345 2231 1627 2309 vapores
1685 2211 1990 2297 exspirati
2033 2212 2275 2280 nedum
2319 2213 2443 2281 fint
2487 2214 2759 2301 ssmiles,
2801 2215 2917 2287 sed

300 2299 611 2383 puriores
640 2297 743 2377 iis,
796 2315 904 2382 qui
936 2315 1057 2381 per
1088 2295 1613 2381 transpiratzonem
1640 2292 2026 2379 insensibilem
2054 2295 2515 2364 immittuntur.

392 2378 490 2450 Ut
519 2378 785 2449 ulterius
810 2378 1178 2464 procedere
1205 2375 1550 2462 pommus,
1591 2376 1806 2462 aliqua
1836 2376 2139 2445 lemmata
2169 2377 2629 2461 praemittenda
2655 2376 2695 2445 s
2688 2394 2820 2447 unt.

770 2573 1821 2668 PRoPos1‘r10
1933 2573 2436 2677 XCVIII.

294 2786 488 2879 Duo
534 2808 994 2904 aggregata
1041 2787 1647 2906 corpuftulorum
1699 2786 2181 2902 diversorum
2235 2786 2512 2882 exuste
2569 2795 2786 2878 inter
2820 2789 2918 2904 st

409 2902 863 3017 commisceri
910 2933 1058 2994 non
1080 2910 1389 3019 poffunt
1412 2968 1438 3010 ‚
1498 2904 1643 3015 nist
1687 2902 2126 2990 contrariis
2181 2902 2558 2992 motibus
2614 2909 2918 3016 agiten-

409 3032 565 3102 tur
579 3075 609 3117 ,
668 3035 760 3103 ut
784 3018 1060 3132 poffint
1094 3019 1515 3131 particulae
1559 3022 1784 3104 unius
1837 3021 2067 3106 intra
2108 3020 2444 3109 alterius
2484 3023 2917 3132 aggregati

296 3180 309 3191 ·
401 3132 856 3244 particulas
891 3134 1295 3247 infinuar-i.

393 3344 494 3414 Ut
516 3350 653 3419 fieri
688 3350 860 3423 solet
888 3357 953 3424 in
984 3353 1253 3424 scientia
1282 3350 1698 3434 mechanIca,
1745 3345 2102 3420 sub’eetum
2136 3351 2487 3436 cujuslibet
2514 3349 2909 3439 propositio-

301 3434 411 3521 nls
439 3428 711 3499 abstrahi
742 3436 997 3505 debeta
1025 3435 1563 3516 varietatibus,&
1594 3436 1839 3500 circum
1899 3435 2086 3499 antiis
2116 3435 2593 3515 materialibus3
2617 3435 2727 3500 vel
2746 3452 2906 3499 con·

295 3506 588 3577 ditiones
618 3532 808 3598 pares
838 3518 965 3584 ess'e
996 3520 1264 3586 debent.
1310 3518 1398 3583 Et
1414 3515 1583 3582 ficin
1614 3511 1763 3581 casu
1791 3512 2016 3581 nostro
2048 3514 2117 3579 su
2165 3534 2482 3599 ponamus
2510 3517 2722 3601 primo
2750 3515 2910 3580 duas

293 3595 647 3675 congeries
753 3602 1070 3666 anulorum
1097 3601 1292 3678 milii,
1332 3615 1527 3663 unam
1558 3595 1820 3680 quidem
1865 3612 1951 3660 ex
1991 3598 2060 3660 de
2158 3600 2315 3676 atis,
2363 3598 2630 3664 alteram
2677 3616 2762 3663 ex
2806 3598 2908 3661 ni-

350 3674 443 3736 ris
540 3695 579 3741 a
689 3681 745 3741 is
772 3680 1221 3766 compofitam.
1304 3679 1410 3744 Sic
1440 3677 1613 3742 enirn
1646 3675 1870 3760 figurae
1897 3674 2197 3741 rotundae
2227 3678 2593 3761 eaedem,&
2624 3679 2906 3763 aequales

295 3686 453 3820 funt
568 3775 757 3843 aeque
786 3777 1042 3907 graves.
1124 3763 1265 3846 Jam
1292 3758 1341 3825 fi
1368 3760 1511 3825 duae
1540 3754 1728 3822 distae
1760 3760 2104 3851 congeries
2121 3758 2449 3845 contiguae
2478 3776 2816 3846 ponantur
2837 3760 2908 3826 in

295 3834 561 3902 duobus
597 3838 786 3906 lateri
833 3862 907 3910 us
936 3844 1226 3927 eiusdem
1269 3838 1467 3921 vafis,
1512 3838 1626 3903 vel
1657 3833 1826 3903 sacci
1852 3884 1874 3917 ,
1919 3839 1981 3905 &
2009 3854 2236 3905 neutra
2265 3857 2641 3921 moveatur,
2735 3853 2913 3919 atet,

288 3914 486 4000 quod
515 3936 841 4005 nunquam
870 3924 1416 4003 commiscentur,
1457 3934 1532 3986 ut
1601 3917 1905 3985 uodlibet
1937 3939 2202 4006 granum
2226 3922 2425 3985 album
2452 3922 2488 3987 a
2519 3921 2698 4004 singu
2727 3921 2779 3984 is
2807 3922 2907 3983 de·

286 3999 922 4155 -nigratif'ffigffiur’
1003 4007 1070 4075 Si
1097 4002 1324 4107 postea
1351 4003 1487 4075 duo
1520 4001 1534 4014 ‘
1589 4020 1626 4069 a
1653 4017 2004 4167 affgfrngata
2029 4018 2419 4073 moveantur
2450 4002 2532 4071 ad
2577 3997 2920 4146 oppositag
