3419 4538
1108 80 2097 224 rotsarrona
2351 246 2362 255 ⁶
2800 163 2891 244 ρ

259 307 466 378 'etiam
496 300 650 387 quia
679 294 986 370 inflantur
1014 298 1052 367 ὲ
1081 299 1352 386 guttulis
1379 300 1600 395 aqueis
1616 348 1638 382 ,
1684 320 1887 397 poros
1913 301 2053 386 ejus
2067 286 2596 387 penetranti'bus3
2637 305 2701 373 δε
2727 304 2882 373 ideo

261 404 451 456 tanta
477 390 547 453 vi
575 381 1098 463 contrahuntur,
1146 394 1259 464 ut,
1302 382 1384 448 ad
1410 381 1607 449 instar
1638 384 2039 451 cuculorum
2079 382 2446 452 ferreorum
2529 386 2732 468 dolii,
2775 406 2877 453 re·

256 468 483 540 fiuant
522 464 861 533 violentiae
893 464 1290 557 internarum
1385 466 1619 531 artium
1663 463 2053 533 inflatarum.
2136 466 2232 533 Ita
2280 485 2362 532 ue
2390 514 2413 549 ,
2457 433 2619 535 licet
2660 484 2882 534 exter·

261 569 360 619 na
389 547 502 615 fila
525 565 680 613 vere
709 543 1020 611 inflentur
1063 545 1126 611 Gt
1156 561 1339 609 incra
1389 560 1585 611 entur
1615 592 1637 623 ‚
1682 561 1900 613 tamen
1929 545 2060 633 ipsa
2077 546 2251 614 confi
2314 550 2489 614 entia
2513 550 2580 616 ἀ
2608 550 2883 617 durities

262 625 453 700 tensa
494 625 854 714 superficiei
884 644 1202 692 convexae
1248 624 1510 693 filorum
1559 628 1642 693 im
1696 629 1834 693 edit
1878 630 2266 715 turgentiam
2312 630 2375 696 &
2417 629 2883 717 expansionem

254 710 710 779 convexitatis
740 708 1114 774 earundem.
1200 705 1424 800 Quare
1455 726 1620 774 nece
1672 727 1711 773 e
1746 706 1841 774 est
1870 757 1896 791 ,
1939 725 2013 776 ut
2053 707 2304 777 inflatio
2356 711 2761 779 internorum
2803 712 2878 778 fi-

247 794 484 863 -lorum
536 811 575 857 a
666 806 773 856 eat
803 835 826 869 ,
888 803 1001 854 aut
1058 784 1467 873 superficiem
1504 802 1882 873 externam,
1925 805 2038 857 aut
2078 789 2600 876 profunditatem
2636 812 2885 872 *eorun-

248 875 456 955 dem3
502 810 858 947 &ffiiunde
905 886 1179 963 externa
1209 871 1571 954 amplitudo
1604 866 1900 936 crescere
1943 890 2078 940 non
2107 869 2370 957 potest,
2462 874 2565 939 uia
2595 875 2724 940 alia
2762 872 2881 961 fila

245 952 649 1025 decuss'atim
676 970 826 1018 cum
859 951 986 1016 ilhs
1024 967 1341 1018 contexta
1371 948 1480 1018 sua
1506 952 1965 1018 contractione
2004 952 2369 1038 impediunt
2413 954 2432 1019 i
2465 953 2671 1021 larum
2717 954 2878 1021 dila·

246 1038 610 1103 ationem.
698 1031 899 1118 Igitur
950 1031 1183 1117 restat,
1229 1047 1301 1097 ut
1347 1033 1412 1098 in
1454 1031 1861 1119 profundum
1914 1033 2133 1104 versus
2174 1050 2476 1100 centrum
2509 1035 2717 1120 glomi
2759 1052 2876 1101 ex·

253 1117 723 1204 porrigantur3
765 1116 827 1179 ὅ(
869 1112 1019 1178 ideo
1047 1115 1268 1181 omnia
1307 1111 1501 1180 strata
1544 1111 1720 1195 ΝΟ,
1752 1112 1803 1180 Ρ
1918 1114 2180 1182 filorum
2210 1111 2613 1199 inquisorum
2640 1113 2707 1182 se
2740 1130 2878 1183 tan·

249 1198 563 1285 gentium
589 1192 944 1262 necessario
972 1196 1302 1280 paululum
1331 1196 1709 1281 promoveri
1758 1196 1841 1262 de
1891 1213 2008 1262 ent
2035 1192 2255 1261 versus
2298 1210 2598 1263 centrum
2635 1215 2681 1283 g
2707 1198 2883 1267 cavi-

260 1280 419 1346 tatis
517 1278 652 1343 omi
722 1277 786 1342 ὅ(
814 1277 1095 1361 proinde
1121 1276 1354 1360 incipit
1390 1276 1676 1362 repletio
1706 1279 2007 1345 cavitatis
2035 1278 2212 1345 illius
2243 1275 2366 1344 hk.
2838 1316 2845 1333 ·

351 1358 454 1425 Po
510 1323 989 1442 easubsequens
1019 1356 1283 1423 stratum
1312 1354 1449 1423 ΝΟ
1480 1356 1744 1451 filorum
1780 1378 1833 1424 ae
1881 1378 1965 1424 ue
1995 1358 2406 1425 madidorum
2435 1357 2696 1429 inflatur
2713 1379 2876 1448 quo·

268 1459 408 1527 que
435 1439 500 1507 Gt
526 1439 933 1518 decurtatum
977 1439 1040 1504 dt
1080 1439 1117 1522 (
1138 1438 1299 1505 ficut
1325 1438 1504 1523 prius
1534 1439 1777 1505 dictum
1809 1459 1847 1504 e
1919 1441 1954 1523 )
1996 1436 2376 1525 superficies
2409 1459 2712 1510 convexa
2740 1460 2879 1521 non

266 1541 467 1607 aeque
501 1516 669 1587 tensa
713 1520 1114 1601 remanebit,
1161 1539 1238 1586 ac
1269 1523 1476 1604 prima
1503 1517 1713 1586 crusta
1758 1521 1961 1609 rigida
2002 1519 2261 1601 fuerat3
2308 1535 2375 1586 at
2419 1524 2665 1591 cavitas
2704 1524 2881 1592 illius

260 1604 487 1672 multo
525 1601 728 1687 magis
770 1603 838 1667 in
872 1599 1274 1685 profundum
1302 1598 1520 1667 versus
1561 1615 1862 1669 centrum
1888 1601 2410 1689 promovebitur.
2495 1604 2585 1672 Et
2611 1607 2763 1691 quia
2806 1624 2877 1670 e-

257 1684 367 1770 jus
391 1683 499 1750 fila
528 1684 950 1750 decurrantur
977 1683 1041 1747 in
1073 1683 1302 1749 eadem
1336 1683 1771 1768 proportione
1801 1732 1822 1765 ,
1869 1703 2079 1769 quam,
2108 1681 2483 1768 habebant,
2528 1703 2877 1773 antequam

251 1781 502 1832 centro
529 1765 966 1850 proximiores
995 1762 1269 1844 fierent,
1313 1783 1554 1848 nempe
1597 1765 1662 1831 in
1696 1766 1933 1832 minori
1975 1764 2451 1850 proportione,
2494 1787 2686 1852 quam
2717 1768 2878 1835 vici·

257 1847 436 1916 nitas
465 1847 679 1913 centri
712 1846 816 1911 exi
867 1845 953 1924 it;
997 1863 1070 1910 er
1113 1864 1157 1910 o
1188 1847 1491 1932 longiora
1527 1841 1673 1911 sunt
1699 1894 1722 1928 ,
1814 1866 1959 1914 uam
1988 1847 2164 1913 illius
2209 1847 2341 1913 loci
2373 1849 2659 1935 angustia
2685 1844 2878 1917 susci·

315 1945 430 1994 ere
459 1925 703 2013 potest.
788 1864 891 1992 ἐκ
919 1943 1049 2020 quo
1131 1942 1157 1992 t
1186 1975 1209 2009 ,
1253 1945 1329 1994 ut
1372 1946 1530 1994 cava
1573 1867 1946 2013 superficies
1987 1927 2251 1994 filorum
2281 1925 2417 1995 ΝΟ
2462 1946 2877 2016 corrugetur,

256 1946 336 2076 Ξι
363 2006 560 2075 strata
599 2005 1046 2092 subsequentia
1087 2008 1210 2104 PQ
1236 2057 1262 2091 ,
1320 2007 1824 2076 subintrantibus
1870 2011 2091 2077 locum
2134 2008 2435 2075 cedendo
2467 2057 2490 2091 ,
2550 2029 2634 2077 co
2683 2026 2880 2079 untur
2946 2050 2951 2053 -

259 2089 488 2157 multo
516 2091 716 2174 magis
748 2106 936 2173 quam
967 2087 1145 2173 prius
1176 2087 1394 2158 versus
1424 2106 1725 2155 centrum
1765 2112 1809 2176 g
1854 2108 2204 2156 excurrere
2234 2136 2258 2169 ,
2315 2091 2377 2156 &
2420 2093 2608 2176 proin
2658 2112 2696 2156 e
2742 2104 2879 2160 tan-

261 2169 548 2236 tundem
575 2164 845 2255 spatium
873 2169 1034 2236 illud
1077 2189 1310 2238 cavum
1349 2171 1734 2256 replebitur.
1822 2169 2001 2236 Idem
2032 2169 2381 2236 dicendum
2426 2170 2527 2237 est
2560 2171 2644 2237 de
2675 2173 2878 2238 tertio

256 2250 511 2333 strato,
556 2251 639 2318 de
679 2267 908 2336 quarto
936 2251 1000 2317 ὅτ.
1042 2251 1124 2319 de
1154 2253 1414 2338 reliquis
1464 2269 1641 2340 *quae
1670 2246 1927 2339 semper
1954 2251 2022 2319 in
2051 2251 2278 2333 majori
2307 2253 2742 2338 proportione
2776 2254 2871 2321 in-

260 2332 511 2400 flantur
606 2348 1032 2419 corrugantur
1057 2380 1083 2416 ,
1129 2333 1192 2401 &
1217 2336 1297 2401 ad
1329 2301 1521 2401 instar
1551 2350 1916 2399 cuneorum
1960 2330 2174 2398 multo
2217 2333 2419 2426 magis
2466 2351 2875 2417 promoven·

258 2428 373 2480 tur
401 2432 485 2478 ve
546 2434 618 2482 us
650 2430 988 2495 centrum,
1033 2412 1364 2504 quousque
1396 2417 1636 2485 cavitas
1660 2415 1866 2503 glomi
1906 2414 2049 2499 hk,
2082 2431 2352 2481 omnmo
2379 2415 2734 2501 repleatur.
2785 2415 2874 2485 Ut

269 2492 971 2590 pmpofitumfuerat.

829 2689 1876 2785 PRoPos1'1-10
1980 2689 2311 2793 XLV.
2426 2783 2431 2789 ,

316 2917 598 3033 Iisdem
632 2919 943 3035 positi53
999 2923 1160 3009 dico
1174 2983 1203 3026 ,
1258 2923 1466 3040 quod
1495 2947 1742 3011 omnes
1763 2924 2096 3009 internae
2113 2918 2363 3036 spirae
2386 2920 2629 3032 glomi
2651 2946 2820 3008 cor-

393 3040 694 3149 rugari
734 3036 1002 3123 debent
1033 3040 1567 3154 inaequaliter,
1601 3035 1911 3149 semper
1942 3041 2187 3146 magis
2216 3035 2562 3146 augendo
2585 3037 2738 3149 pli·

613 3174 744 3235 cas
763 3208 793 3252 ,
845 3177 993 3266 quo
1030 3158 1274 3264 magis
1311 3168 1567 3239 centro
1585 3152 1827 3264 glomi
1860 3153 2541 3266 approximantur.

357 3369 538 3464 Quia
578 3368 847 3436 internae
873 3365 1062 3455 spirae
1093 3373 1296 3468 glomi
1329 3371 1575 3456 duplici
1604 3370 1876 3438 nomine
1914 3381 2148 3461 centro
2175 3369 2611 3453 proximiores
2652 3364 2823 3433 fiunt
2846 3386 2878 3450 3

265 3454 528 3543 primo,
571 3451 720 3536 quia
749 3450 830 3515 ab
860 3467 1147 3522 externis
1190 3455 1315 3521 filis
1361 3454 1711 3521 contractis
1743 3452 1805 3518 δε
1850 3448 2086 3515 inflatis
2117 3465 2431 3535 urgentur
2458 3445 2675 3515 versus
2720 3466 2878 3515 cen·

268 3551 456 3604 trum
488 3532 734 3625 glomi}
772 3527 1100 3624 secundo,
1161 3537 1267 3602 uia
1294 3537 1311 3603 i
1363 3534 1566 3603 samet
1594 3533 1842 3599 inflatio
1863 3529 2501 3628 earundem-semper
2527 3530 2736 3625 magis
2758 3548 2882 3596 eos

269 3632 510 3684 centro
545 3631 983 3698 proximiores
1012 3617 1129 3682 red
1176 3619 1258 3683 it:
1395 3619 1545 3684 ideo
1590 3614 2008 3681 continenter
2048 3615 2115 3678 in
2156 3632 2395 3679 m1n0r1
2442 3632 2563 3698 pro
2612 3624 2877 3677 ortione

261 3699 736 3776 decurtantur,
780 3712 974 3778 quam
1007 3698 1210 3784 exigit
1253 3696 1536 3784 angustia
1578 3690 2098 3779 subsequentium
2120 3693 2460 3787 jocorum.
2605 3712 2725 3780 rgo
2767 3709 2883 3757 ne·

265 3777 548 3849 cessario
578 3793 755 3860 rugae
785 3774 1091 3844 inflari&
1124 3780 1340 3863 augeri
1354 3779 1603 3845 debent
1630 3774 1889 3862 semper
1918 3775 1985 3843 in
2014 3775 2236 3860 majori
2250 3774 2727 3863 proportione,
2746 3788 2882 3858 quo

263 3860 478 3949 magis
507 3856 590 3925 ad
631 3872 933 3926 centrum
960 3858 1169 3945 glomi
1197 3860 1754 3948 approximantur.

473 4023 643 4097 Pars
681 4017 776 4090 11.
1457 4081 1464 4088 .
1703 4019 1884 4108 (H)
2641 4014 2696 4084 P
2734 4030 2782 4077 ιι
2823 4027 2896 4074 o·
