3419 4538
463 178 759 277 aliisque
802 176 1176 256 catholicae
1216 177 1515 278 pietatis
1563 177 1782 255 editis
1824 176 2150 268 indiciis,
2204 178 2494 253 decimo
2538 173 2799 253 ostavo
2849 179 3096 256 morbi

462 279 583 352 die
607 335 626 369 ,
666 279 850 351 inter
887 278 1320 376 postremam
1352 280 1753 354 occidentis
1782 279 1951 353 anni
2007 284 2220 371 1679.
2269 279 2342 352 &
2381 279 2686 374 primam
2718 279 3099 355 renascen-

472 378 570 448 tis
626 377 910 467 horam,
981 375 1236 454 nostris
1287 376 1667 477 Religiofis
1708 379 1803 451 de
1854 401 2057 451 more
2104 377 2527 466 astantibus,
2600 375 3107 475 supremasque

398 516 402 520 ·
474 473 730 571 preces
782 477 1220 572 legentibus,
1273 476 1465 576 quod
1513 476 1831 550 maximo
1879 475 2003 549 fibi
2056 472 2310 549 solatio
2358 473 2497 547 effe
2543 473 2922 565 afferebat,
2974 475 3099 549 vi·

479 593 626 644 tam
659 571 1009 662 absolvit,
1058 576 1260 675 cujus
1303 598 1564 671 corpus
1597 575 1672 648 in
1720 572 1958 648 nostra
1989 575 2255 668 pariter
2302 571 2661 665 Ecclefia,
2717 577 2790 648 in
2823 597 2960 672 qua
2987 573 3106 649 se-

478 672 811 768 pulcrum
859 672 1170 771 delegit,
1214 672 1292 748 δι
1344 673 1534 772 quod
1585 671 1783 745 omni
1830 671 2228 746 hereditate
2279 668 2542 770 (quam
2589 671 2720 748 etfi
2777 674 3114 771 tenuissi-

487 792 722 859 mam,
778 788 858 843 ut
885 772 1038 870 ejus
1070 772 1334 846 amoris
1364 789 1907 868 argumentum,
1958 772 2345 848 maximam
2389 768 2776 868 ducimus)
2826 776 3112 871 pretio·
3167 830 3173 837 -

488 870 626 943 sius
654 871 861 944 nobis
891 868 1032 958 est,
1087 870 1463 944 conditum
1490 867 1652 942 fuit.

593 970 780 1044 Haec
810 968 1024 1041 habui
1067 969 1373 1058 Lestor,
1421 991 1583 1065 quae
1629 968 1948 1042 breviter
1994 967 2085 1042 de
2132 965 2461 1043 Authore
2503 966 2838 1057 libarem,
2895 969 3109 1063 plura
3165 1008 3176 1048 ·.

493 1066 837 1156 fortasse,
905 1067 1024 1141 vel
1071 1068 1319 1155 nobis,
1373 1067 1492 1140 vel
1543 1065 1701 1141 aliis
1732 1065 1804 1139 in
1838 1066 2059 1140 altera
2084 1065 2292 1163 hujus
2320 1065 2485 1140 libri
2530 1085 2733 1162 parte
2764 1065 3112 1161 dicituris,

554 1191 658 1239 uae
707 1166 874 1239 dum
933 1165 1152 1261 praelo
1199 1161 1608 1241 maturescit
1640 1217 1663 1262 ,
1744 1163 2067 1265 priorem
2112 1163 2298 1240 hauc
2339 1164 2631 1265 degusta
2660 1217 2687 1259 ‚
2768 1162 2847 1241 δι
2894 1163 3121 1242 Vale.

576 1286 754 1342 σωκ
781 1263 1016 1344 Idibus
1067 1261 1370 1366 Augusti
1424 1267 1644 1346 1680.
1782 1303 1791 1309 ·

1841 1409 1874 1476 t.
