3419 4538
572 227 692 322 ²6⁹8
940 248 1101 316 cm.
1144 241 1370 314 xxn.
1426 242 1555 311 DE
1609 243 1896 312 MOTU
1956 237 2833 311 EchNoEscENTffl:

1011 505 2061 598 Pnopos1r1o
2184 500 2726 600 CCXXV.

560 734 950 848 Spiritus
970 796 999 838 ‚
1034 732 1179 848 seu
1234 733 1451 824 succi
1490 734 1788 827 nervei
1805 734 2042 847 solito
2082 719 2374 822 redditi
2411 738 2803 835 acriores,
2860 761 3220 829 nervos

638 870 651 912 ὲ
698 852 811 959 &¹
848 875 996 936 cor
1030 855 1499 952 irritantes,
1534 851 1732 964 sunt
1780 847 2035 937 causae
2071 843 2594 961 produstivae
2638 847 2926 958 primae
2969 854 3110 960 ἑὸ)

633 997 640 1006 ·
1057 961 1560 1052 immediatae
1617 960 2324 1053 excandescentia:
2373 955 2715 1052 febrilis,

632 1185 828 1254 :1³0st
875 1206 1022 1253 uam
1048 1187 1336 1274 *febrium
1380 1186 1616 1268 causas·
1634 1187 1716 1253 ab
1760 1188 1899 1254 aliis
1934 1185 2197 1252 traditas
2238 1182 2582 1264 reiecimus
2616 1234 2637 1267 ‚
2698 1205 3073 1271 earumque
3117 1191 3208 1254 in‘·

597 1270 840 1336 certitu
890 1270 1064 1334 inem
1108 1269 1532 1335 indicavimus
1569 1318 1588 1349 ‚
1645 1290 1864 1354 operae
1928 1269 2206 1351 pretium
2273 1266 2396 1328 erit
2457 1282 2708 1348 tentare
2740 1317 2761 1348 ‚
2822 1289 2899 1334 an
2943 1271 3216 1355 aliquid

596 1349 1003 1436 probabilius
1046 1351 1216 1415 circa
1242 1352 1513 1429 febrium
1557 1369 1845 1415 naturam
1895 1350 2226 1431 conjicere
2259 1346 2587 1413 valeamus
2699 1350 2824 1415 Pro
2872 1352 3082 1431 cujus
3115 1353 3204 1414 in·

597 1431 939 1516 quifitione
971 1431 1188 1495 denuo
1240 1428 1571 1510 observo,
1618 1432 1795 1515 quod
1831 1427 2226 1528 propriiffima
2269 1426 2607 1511 affectio&
2651 1431 2951 1496 cbarafter
2989 1433 3212 1512 febris

596 1510 677 1597 eft
715 1511 962 1596 pulsus,
1008 1510 1082 1583 fi?
1108 1518 1405 1576 commotio
1447 1517 1756 1578 vehemens
1787 1516 1980 1577 cordis
2007 1512 2081 1583 ὅς’
2109 1513 2517 1590 arteriarum,
2563 1515 2640 1576 ad
2670 1533 2843 1597 quam
2890 1512 3073 1594 coifi
3160 1517 3195 1564 ·.

599 1608 705 1662 tur
750 1593 1200 1676 incalescentia,
1247 1593 1323 1665 &⁸
1348 1596 1471 1658 alia
1492 1595 1929 1679 symptomata.-
1973 1595 2034 1659 &
2065 1592 2195 1657 hoc
2226 1590 2466 1657 nedum
2497 1611 2724 1658 verum
2772 1591 2901 1657 effe
2933 1610 3082 1656 con
3112 1592 3210 1658 tat·

600 1695 685 1742 ex
726 1672 1065 1740 universali
1111 1673 1254 1739 fere
1304 1675 1637 1742 hominum
1683 1671 1994 1740 consensu
2025 1721 2043 1754 ,
2102 1670 2215 1738 sed
2246 1672 2436 1738 etiam
2502 1675 2796 1740 evidenti
2837 1674 3194 1740 ratione&

601 1756 1027 1840 experientiis
1065 1753 1390 1821 suadetur.
1440 1755 1613 1904 quia
1646 1758 1979 1836 videmuS‚
2026 1755 2202 1839 quod
2253 1751 2460 1839 pofita
2486 1757 2818 1821 vehementi
2847 1758 3058 1820 cordis
3091 1777 3194 1820 mo·

598 1842 758 1903 tione
795 1839 859 1904 δε
899 1834 1246 1921 concuffione
1272 1885 1295 1919 ,
1355 1856 1482 1920 pau
1512 1858 1554 1902 o
1601 1837 1750 1921 post
1793 1835 2196 1921 subsequitur
2241 1837 2307 1901 in
2371 1850 2517 1901 toto
2574 1856 2856 1921 corpore
2907 1837 3192 1903 animalis

597 1915 771 1986 nova
802 1919 1090 2003 quaedam
1125 1920 1405 1984 caliditas
1437 1967 1458 2000 ,
1505 1939 1647 2003 quae
1677 1922 1856 2003 prius
1907 1938 2040 1984 non
2085 1919 2343 1997 aderat,
2389 1934 2461 1981 ut
2490 1934 2672 2002 patet
2719 1921 2781 1983 in
2813 1923 2913 1983 ira
2941 1966 2963 1998 ,
3024 1920 3094 1984 ἀ
3130 1921 3192 1984 in

681 2002 931 2066 itatione
982 2003 1313 2066 vehementi
1359 2005 1654 2083 corporis.
1745 2000 2059 2067 Similiter
2088 2048 2107 2080 ‚
2183 1999 2395 2065 ablata
2461 1999 2598 2064 taiif
2640 2004 2889 2065 motione
2948 2004 3190 2081 cordis,

628 2082 854 2148 cilicet
895 2082 1211 2147 diminuta
1242 2130 1263 2163 ,
1315 2082 1685 2163 conti-asta,
1730 2084 1792 2150 &
1824 2083 2063 2147 tardius
2107 2081 2279 2146 facta
2310 2127 2330 2159 ‚
2388 2077 2785 2164 subsequitur
2832 2094 2998 2165 tepor
3024 2130 3048 2161 ,
3104 2085 3184 2146 ri-

591 2185 713 2252 gor
737 2165 800 2230 dt
814 2165 1186 2251 frigiditas,
1232 2183 1380 2248 quae
1410 2168 1589 2249 prius
1624 2184 1753 2231 non
1775 2162 2104 2230 existebat
2137 2180 2256 2247 per
2283 2179 2526 2244 corpus
2554 2163 2843 2228 animalis
2865 2210 2887 2241 ‚
2937 2180 3008 2227 ut
3039 2180 3187 2227 con·

602 2248 810 2333 tingit·
837 2248 903 2312 in
950 2249 1194 2328 timore,
1240 2249 1301 2313 ἁ
1332 2248 1398 2313 in
1445 2252 1748 2346 rigoribus
1779 2259 2106 2334 quartana.
2197 2248 2247 2307 E
2277 2258 2507 2308 contra
2540 2291 2561 2324 ,
2622 2242 2827 2327 posita
2868 2249 3061 2310 nimia
3097 2265 3183 2310 ca·

600 2332 837 2395 liditate
868 2376 889 2408 ,
935 2328 997 2394 δε
1026 2332 1237 2395 ardore
1281 2343 1541 2414 corporis
1574 2332 1637 2396 δε
1665 2331 1962 2414 viscerum
1987 2376 2008 2408 ‚
2074 2345 2206 2391 non
2252 2324 2505 2407 semper
2547 2321 2834 2410 sequitur
2871 2347 3036 2392 nova
3072 2348 3184 2392 cor·

598 2415 696 2477 dis
725 2411 1031 2475 vehemens
1075 2415 1409 2492 commotio,
1459 2431 1532 2477 ut
1564 2413 1936 2493 experimur
1969 2409 2032 2471 in
2066 2408 2297 2472 ardore
2344 2403 2606 2487 aestiv0,
2652 2408 2716 2472 in
2749 2407 3169 2491 hypocausta,

600 2494 662 2560 ἃ
698 2493 763 2558 in
810 2492 1087 2576 potione
1129 2491 1392 2575 copiosa
1436 2510 1740 2578 aquarum
1775 2489 2184 2554 thermalium
2218 2486 2641 2553 ferventium.
2730 2488 2941 2573 igitur
2986 2493 3170 2555 dicen-

602 2575 759 2641 dum
808 2573 903 2638 est
929 2620 952 2655 ‚
1015 2574 1194 2656 quod
1237 2576 1543 2639 vehemens
1587 2575 1782 2636 cordis
1827 2573 2122 2634 commotio
2164 2568 2258 2649 fit
2306 2569 2482 2652 causa
2527 2569 2808 2653 effectiva
2860 2574 3171 2637 caliditatis

598 2676 698 2722 cor
745 2658 902 2736 oris;
948 2654 1009 2720 &
1050 2674 1187 2720 non
1231 2656 1268 2721 ὲ
1315 2671 1545 2721 contra
1573 2701 1596 2738 ,
1643 2651 1897 2739 scilicet
1938 2652 2216 2716 caliditas
2247 2655 2505 2735 corporis
2533 2672 2651 2717 non
2698 2655 2819 2716 erit
2859 2654 3040 2737 causa
3054 2668 3186 2737 pro-

571 2741 639 2804 -d
745 2742 852 2803 iva
885 2736 1248 2802 vehementis
1294 2738 1492 2800 cordis
1527 2738 1822 2801 motionis.

622 2863 639 2873 -
678 2816 1059 2886 Videndum
1098 2817 1302 2883 modo
1347 2815 1440 2882 est
1469 2865 1492 2899 ,
1539 2835 1832 2914 quaenam
1879 2816 1956 2881 fit
1998 2815 2180 2911 causa
2215 2814 2464 2901 efficiens
2497 2820 2803 2911 praecipita
2830 2863 2858 2898 ,
2897 2819 2966 2884 dt
3008 2823 3197 2883 imme·

597 2906 772 2969 diota
816 2901 1176 2965 vehementis
1218 2900 1495 2964 motionis
1552 2902 1746 2965 cordis
1775 2946 1799 2982 ,
1858 2918 2002 2984 quae
2045 2914 2289 2983 pariter
2342 2897 2467 2963 esse
2527 2913 2776 2982 poterit
2826 2904 3198 2985 principium
3238 2914 3242 2916 ’
3367 2918 3369 2931 ·

648 2980 1031 3049 roductivum
1104 2982 1285 3046 ebris.
3159 3022 3170 3031 -

597 2996 647 3115 1.)
685 3063 772 3128 Et
813 2980 1283 3146 proculfdubio
1329 3062 1557 3129 eadem
1602 3063 1715 3130 illa
1759 3062 1983 3147 causa,
2047 3081 2190 3149 quae
2230 3062 2293 3127 in
2322 3058 2500 3146 statu
2523 3062 2829 3146 sanitatis
2864 3066 3102 3150 placido
3144 3065 3204 3130 dt

599 3146 876 3211 ondinato
919 3152 1089 3209 motu
1126 3143 1519 3228 musculorum
1559 3150 1754 3212 cordis
1789 3146 1989 3231 agitat
2020 3194 2041 3227 ,
2103 3149 2328 3210 eadem
2368 3144 2566 3237 plane
2617 3147 2863 3212 viribus
2907 3147 3106 3212 austa*
3139 3147 3205 3212 id

600 3222 808 3309 ipsum
843 3223 1124 3289 celerius
1156 3224 1217 3291 ὅ(
1247 3224 1702 3294 vehementius
1736 3228 2052 3294 movebit.
2128 3226 2330 3291 Sicuti
2363 3225 2542 3291 idem
2569 3227 2769 3312 igniS,
2817 3230 2924 3312 qui
2959 3229 3200 3293 exilem

567 3307 1029 3401 'tepidamque
1074 3307 1471 3375 caliditatem
1516 3311 1822 3393 producit
1851 3356 1873 3388 ,
1935 3311 2000 3374 in
2047 3307 2220 3373 tactu
2266 3308 2578 3386 majorem
2625 3310 3199 3393 ardentioremque

649 3388 1013 3470 rocreab1t‚
1060 3387 1102 3454 fi
1138 3391 1336 3474 magis
1383 3394 1875 3475 approximetur
1905 3437 1926 3469 ‚
1970 3404 2079 3455 aut
2127 3387 2383 3453 flamma
2410 3386 2547 3470 ejus
2592 3411 2671 3456 au
2721 3408 2925 3457 eatur.
3015 3392 3200 3456 Simi-

556 3536 557 3539 ,
597 3408 754 3537 liter
800 3471 881 3535 ab
921 3470 1157 3535 eodem
1199 3476 1440 3555 imperio
1483 3476 1861 3553 voluntatis,
1905 3472 2234 3536 mediante
2259 3470 2538 3555 spirit-u,
2581 3411 2901 3557 defsucco
2949 3493 3196 3554 ner-veo,

596 3573 812 3616 manus
844 3599 865 3632 ,
902 3555 1080 3633 pedes
1107 3599 1128 3632 ,
1175 3554 1236 3618 δι
1267 3555 1490 3620 caeteri
1528 3555 1776 3628 musculi
1819 3553 2143 3635 agitantur
2194 3555 2364 3615 tardo
2393 3553 2454 3617 dc
2483 3554 2604 3619 leni
2631 3568 2794 3620 motu
2823 3602 2843 3635 ‚
2895 3575 3019 3620 nec
3066 3575 3190 3620 non

595 3650 832 3716 magna
857 3633 1227 3698 vehementia
1259 3636 1318 3702 ὅ(
1355 3637 1658 3700 celeritate
1702 3634 2061 3719 operando.
2151 3632 2239 3698 Et
2326 3634 2431 3697 uia
2481 3654 2621 3716 cor,
2667 3637 2749 3702 ad
2794 3634 2992 3703 instar
3029 3650 3187 3702 auto·

593 3718 779 3778 matis
812 3761 834 3796 ,
877 3731 996 3799 per
1038 3713 1104 3779 se
1150 3719 1402 3782 moveri
1457 3715 1670 3800 potest
1712 3716 2236 3799 independenter
2269 3735 2304 3780 a
2391 3719 2635 3798 imperio
2676 3719 3020 3784 voluntatis-
3052 3720 3185 3803 suc·

595 3814 657 3859 ce
696 3799 821 3860 ivis
856 3795 1293 3880 pulsationibus
1404 3795 1794 3881 interpositis
1841 3798 2158 3872 morulis,
2220 3794 2474 3861 necesse
2524 3797 2615 3863 est
2646 3846 2669 3879 ‚
2715 3818 2785 3864 ut
2830 3801 2912 3865 ab
2958 3803 3186 3867 eodem

569 3877 811 3960 spiritu
844 3923 867 3955 ,
911 3879 1020 3943 vel
1046 3877 1264 3961 succo,
1394 3882 1601 3944 nervis
1633 3880 1801 3942 intra
1835 3898 1932 3941 cor
1964 3877 2270 3944 instillato
2320 3879 2343 3958 (
2364 3896 2435 3942 ut
2464 3879 2615 3944 alibi
2650 3880 2890 3948 dietum
2925 3880 3062 3967 est)
3104 3886 3183 3966 (a)

583 3958 950 4055 pulsationes
995 3961 1189 4025 cordis
1231 3960 1679 4053 producantur
1708 3961 1948 4053 Tplacido
1984 3960 2193 4026 &leni
2235 3971 2398 4024 motu
2449 3962 2512 4025 in
2543 3956 2721 4044 statu
2747 3964 3054 4047 sanitatis
3072 3964 3196 4112 ,ὁδὶ

1660 4058 1687 4081 “
1721 4054 1724 4061 “
1753 4052 1796 4060 ”
1849 4054 1856 4065 ‘
3012 4067 3104 4113 ve
3141 4067 3200 4112 e-

814 4122 852 4206 (
877 4142 916 4188 a
942 4123 983 4206 )
1026 4122 1186 4207 Cap.
1230 4128 1295 4187 6.
1340 4122 1539 4207 Prop.
1585 4141 1689 4207 77.
1738 4123 1948 4206 huius,
