3419 4538
530 247 695 308 .192
1180 224 1383 294 Car.
1461 222 1731 294 XXII.
1815 223 1882 296 D
1926 227 2002 297 E*
2059 223 2236 300 VO
2279 220 2440 296 ΒΑ
2487 225 2681 298 ΤἯ.

576 372 834 464 super‘et
864 374 1008 462 plus
1038 391 1228 460 quarn
1263 388 1367 441 ter
1394 377 1625 444 millies
1705 378 1915 444 ondus
1949 379 2121 460 avis,
2168 378 2397 444 saltum
2430 376 2796 445 efficientis.

663 458 821 524 Hoc
853 454 1106 540 posite,
1154 457 1302 541 quia
1342 461 1599 525 volatus
1628 395 1703 523 {R
1734 478 1849 543 per
1883 458 2073 526 saltus
2107 456 2881 526 continuatosavectibus
2895 453 3167 540 alarum,

583 559 723 626 qua:
754 538 1084 601 violenter
1115 536 1458 605 fleetuntur
1489 540 1526 605 a
1579 540 1837 605 duobus
1879 539 2157 621 musculis
2203 536 2948 633 pcfioraubus;,suntque
2996 542 3174 605 vires

584 620 895 697 motivae,
946 637 1101 701 quas
1136 618 1382 701 musculi
1413 636 1728 686 exercent
1758 622 1823 687 in
1858 612 2095 687 eodem
2116 620 2411 701 annuali,
2502 619 3066 706 roportionalesm
3149 655 3174 668 -

587 700 985 768 nitudinibus
1016 699 1378 765 eorundem
1408 721 1506 764 mu
1536 703 1837 781 culorum,
1885 717 1958 766 ut
1992 703 2233 767 dictum
2266 698 2379 766 est.
2486 721 2603 785 rgo
2649 699 2965 765 existente
3011 720 3078 766 tn
3151 736 3175 751 ·

590 782 868 848 titudine
900 780 1398 863 &longitudine
1530 803 1775 862 rarum,
1823 778 2074 848 scilicet
2101 783 2279 875 maffa
2328 800 2570 865 carnosa
2615 781 3010 864 musculorum
3050 782 3181 847 alar

574 862 987 949 sichimam»,
1036 861 1234 944 magis
1264 859 1455 926 densa
1476 909 1497 941 ,
1540 860 1838 942 robusta,
1885 863 1948 928 δι
1976 881 2109 927 non
2141 881 2351 928 nunus
2382 860 2683 946 copiosa,
2748 880 2896 927 uam
2919 860 2995 928 fit
3009 863 3186 955 mqfflz

592 941 837 1026 carmffa
868 943 1160 1006 omnium
1182 961 1289 1019 „mu
1320 942 1585 1008 'culorum
1605 946 1819 1029 pedum
1853 944 2202 1008 earundem
2223 988 2244 1021 ‚
2295 940 2633 1008 fatendum
2662 946 2728 1007 ei
2778 989 2801 1023 ,
2849 943 3139 1023 quodvis
3158 988 3183 1022 ,

596 1044 741 1109 quae
776 1037 1123 1088 exercetur
1154 1020 1191 1086 a
1298 1039 1518 1104 arura,
1564 1041 1684 1107 pro
1715 1025 1947 1088 alarum
1977 1023 2323 1107 flexione,-
2349 1025 2554 1106 major
2582 1021 2677 1087 est
2727 1043 2842 1104 ea,
2890 1030 3035 1108 quae
3079 1020 3180 1088 ad-

598 1106 861 1172 hibetur
891 1123 953 1169 1n
989 1121 1209 1169 earum
1240 1098 1421 1171 saltu.

676 1184 868 1251 Noto
898 1181 1124 1268 postea
1144 1230 1164 1264 ‚
1210 1185 1389 1267 quod
1423 1184 1631 1250 moles
1658 1184 1720 1251 ὅτ.
1749 1185 2009 1270 pondus
2043 1192 2332 1253 omnium
2364 1184 2755 1270 musculorum
2761 1188 2981 1268 pedum
2996 1185 3058 1249 in
3075 1184 3185 1249 ho·

601 1266 884 1334 minibus
926 1265 1245 1330 minorem
1286 1267 1788 1350 proportionem
1838 1266 2038 1331 habet
2082 1269 2163 1333 ad
2206 1268 2450 1333 molem
2495 1267 2557 1332 δι
2586 1265 2667 1332 ad
2697 1267 2956 1348 pondus
2999 1265 3186 1351 totius

527 1380 533 1385 ·
604 1368 723 1414 cor
770 1348 901 1413 oris
944 1346 1342 1425 eorundem,
1389 1366 1581 1430 quam
1609 1348 1818 1412 moles
1848 1347 1914 1412 &
1958 1349 2217 1430 pondus
2246 1346 2636 1431 pestoralium
2676 1347 3071 1430 musculorum
3110 1343 3188 1409 ad

604 1448 718 1497 mo
747 1447 850 1493 em
880 1427 942 1492 ὅ(
971 1427 1051 1491 ad
1081 1425 1337 1509 pondus
1369 1429 1568 1492 totius
1598 1427 1764 1491 avis:
1813 1423 1922 1492 sed
1954 1429 2126 1494 vires
2172 1429 2436 1493 motivae
2477 1427 2872 1511 masculanum
2919 1426 3008 1492 ad
3049 1422 3189 1491 refi-

605 1510 871 1576 stentias
903 1518 1292 1591 corporum,
1339 1526 1480 1591 quae
1512 1505 1896 1592 suspendere
1930 1509 2213 1589 debent,
2259 1509 2531 1579 eandem
2565 1508 3070 1591 proportionem
3087 1505 3187 1569 ha·

609 1592 809 1669 bent,
857 1606 1049 1671 quam
1080 1588 1443 1655 eorundem
1480 1591 1730 1668 moles,
1774 1586 1908 1653 five
1938 1589 2252 1681 pondera.
2299 1587 2476 1673 Ergo
2507 1591 2606 1653 vis
2634 1589 2883 1653 motiva
2909 1585 3187 1670 musculo-

609 1692 750 1737 rum
769 1673 987 1753 pedum
1025 1668 1363 1735 hominum
1392 1670 1624 1735 minori
1656 1684 2091 1754 proportione
2127 1669 2392 1744 excedit
2430 1669 2687 1752 pondus
2702 1668 2952 1752 proprii
2971 1684 3191 1751 corpo·

612 1754 702 1817 ris
784 1767 974 1833 quam
1006 1750 1257 1812 motiva
1289 1750 1385 1814 vis
1414 1750 1648 1814 alarum
1678 1747 1935 1833 superat
1965 1751 2220 1834 pondus
2253 1746 2535 1830 eiusdem
2567 1748 2878 1815 volatiliS.
3215 1814 3228 1825 ,

701 1798 1023 1895 f'raeterea
1059 1825 1377 1910 observo,
1423 1830 1597 1915 quod
1629 1827 1865 1909 saltus,
1913 1831 2024 1915 qui
2051 1829 2217 1895 fiunt
2246 1848 2364 1913 per
2408 1836 2644 1895 aerem*
2674 1829 3008 1910 volando,
3053 1844 3198 1894 con·

620 1912 850 1979 tinuari
881 1908 1137 1992 poffunt
1164 1927 1283 1993 per
1315 1926 1592 1993 quatuor
1619 1912 1680 1976 δι
1713 1911 1931 1995 plures
1962 1910 2150 1976 horas
2180 1905 2302 1975 abs
2337 1929 2418 1975 ue
2449 1906 2924 1993 interruptione
2943 1932 2971 1990 ς
3014 1909 3200 1979 immo

620 1990 997 2058 hirundines
1028 2003 1170 2054 tota
1197 1990 1303 2054 die
1334 1991 1632 2056 volantes
1667 1987 2137 2076 conspicimus:
2182 2006 2248 2056 at
2304 1992 2471 2056 altus
2553 2010 2626 2056 er
2657 2006 2935 2071 terram,
2975 2007 3103 2063 ,nec
3117 1988 3195 2052 ab

626 2072 1044 2151 hominibus,
1090 2088 1218 2134 nec
1251 2071 1286 2135 a
1317 2071 1882 2156 quadrupedibuS,
1926 2072 2129 2137 immo
2162 2090 2287 2137 nec
2318 2071 2398 2136 ab
2424 2073 2494 2154 ip
2607 2071 2856 2145 avibus,
2880 2070 3200 2156 depluma-

626 2156 711 2221 tis
741 2151 1107 2218 continuari
1135 2150 1396 2234 poss‘unt
1430 2153 1661 2218 eadem
1691 2151 2061 2236 frequentia
2089 2171 2208 2237 per
2236 2149 2621 2219 semihoram
2640 2198 2662 2232 ,
2707 2166 2817 2216 aut
2849 2150 3078 2218 horam
3109 2149 3198 2214 in·

628 2252 899 2323 tegram.
952 2233 1149 2318 Atqui
1177 2234 1478 2317 potentia
1510 2234 1793 2313 motiva,
1839 2247 2080 2319 quanto
2113 2233 2351 2300 diutius
2384 2252 2419 2299 a
2468 2232 2557 2314 it,
2601 2233 2664 2300 dt
2703 2227 3032 2304 sufficiens
3076 2226 3200 2311 est,

628 2334 705 2384 ut
734 2315 1067 2383 multoties
1096 2314 1267 2379 idem
1296 2315 1553 2400 pondus
1581 2310 1918 2394 sublevet,
1968 2330 2154 2380 tanto
2191 2315 2388 2398 copio
2440 2333 2516 2379 or
2543 2315 2608 2384 ὃ(
2633 2314 2911 2380 validior
2938 2312 3066 2380 effe
3092 2312 3195 2376 de-

629 2401 785 2480 bet,
830 2416 1020 2482 quam
1053 2396 1211 2476 alia,
1259 2415 1401 2481 quae
1450 2416 1579 2461 non
1667 2394 1779 2461 nifi
1822 2395 2111 2461 breviori
2173 2410 2514 2479 ternpore,
2561 2395 2628 2459 id
2672 2395 2692 2459 i
2737 2390 2874 2459 sum
2916 2390 3200 2479 praestare

631 2478 869 2565 potest.
919 2476 1116 2563 Igitur
1143 2480 1442 2561 potentia
1473 2498 1572 2541 mu
1600 2478 1867 2542 culorum
1895 2478 2130 2541 alarum
2156 2475 2368 2541 multo
2404 2477 2604 2558 maior
2634 2494 2671 2539 e
2754 2469 3202 2563 potentiamus-

631 2564 899 2626 culorum
916 2562 1170 2644 pedum,
1216 2576 1489 2643 eamque
1523 2558 1808 2624 excedet
1833 2554 1979 2638 plus
2054 2575 2199 2621 uam
2230 2569 2471 2640 quater.
2518 2555 2722 2652 Quod
2751 2555 2861 2620 tali
2877 2551 3207 2622 ratiocinio

638 2641 888 2707 suaderi
974 2638 1163 2705 otest.
1211 2637 1524 2703 Innitatur
1554 2637 1755 2702 homo
1788 2636 2002 2720 primo
2063 2656 2223 2720 uper
2254 2637 2699 2720 pavimentum
2730 2636 2964 2701 durum
3005 2635 3064 2699 ὅ(
3107 2630 3209 2697 fir·

641 2741 862 2800 mum3
907 2659 1197 2784 secundo
1244 2716 1431 2802 super
1479 2717 1862 2796 culcitram,
1908 2715 2118 2782 lanam
2164 2717 2225 2782 &
2263 2735 2575 2802 arenam,
2619 2731 2731 2782 aut
2769 2712 2965 2799 super
3001 2728 3206 2797 arcum

644 2799 1231 2885 compreffibilem3
1274 2796 1501 2881 postea
1528 2794 1709 2862 flexis
1732 2800 1950 2880 pedum
1976 2798 2254 2862 articulis
2290 2796 2539 2862 alterne
2563 2844 2583 2878 ‚
2629 2796 2674 2862 ss
2709 2797 2947 2863 eodem
2976 2805 3203 2861 conatu

647 2880 845 2948 saltus
873 2878 1147 2953 efficiat,
1190 2875 1603 2943 manifestum
1636 2876 1767 2957 est,
1813 2877 1991 2961 quod
2018 2874 2205 2964 saltus
2237 2879 2302 2942 in
2333 2873 2475 2943 solo
2506 2875 2700 2944 firmo
2732 2878 2854 2943 erit
2873 2876 3205 2950 maximus,

648 2964 688 3030 e
736 2975 963 3026 contra
1007 2960 1070 3024 in
1114 2956 1251 3023 solo
1296 2956 1515 3040 fugaci
1558 2960 1619 3026 ἀ
1661 2957 1924 3023 cedenti
1971 2958 2096 3024 erit
2125 2959 2460 3023 minimus:
2507 2973 2581 3023 ut
2615 2977 2780 3044 ergo
2808 2959 2987 3023 ambo
3017 2953 3202 3017 saltus

650 3044 809 3111 fiant
852 3040 1170 3132 aequales,
1212 3034 1463 3104 scilicet
1505 3040 1583 3105 ad
1613 3040 1891 3133 aequales
1936 3038 2306 3105 altitudines
2346 3041 2759 3132 pertingant,
2803 3049 3085 3132 oportet,
3130 3047 3205 3122 ut

552 3161 553 3164 π
651 3126 805 3204 ille,
852 3140 961 3206 qur
992 3116 1133 3185 solo
1163 3119 1326 3185 diffu
1376 3121 1530 3186 ienti
1568 3121 1898 3199 innititur,
1946 3136 2255 3203 exerceat
2299 3138 2470 3190 vires
2516 3134 2703 3184 tanto
2747 3134 3028 3201 majores*
3060 3111 3206 3177 reh-

653 3222 822 3298 qu0‚
916 3215 1179 3269 uantum
1210 3202 1299 3266 ob
1355 3200 1444 3267 oli
1477 3200 1955 3268 instabilitatem
1985 3217 2204 3267 motus
2236 3199 2597 3266 refilitionis
2613 3200 2951 3279 minuitur,
2971 3213 3112 3261 cum
3125 3208 3211 3257 ta-

653 3287 733 3351 lis
764 3283 880 3349 refi
911 3284 1029 3348 itio
1058 3280 1343 3352 fitcausa
1370 3280 1584 3349 saltus.
1634 3282 1719 3347 Et
1748 3279 1893 3365 quia
1918 3283 2381 3428 gavimentum
2429 3285 2730 3371 aereum,
2776 3278 2967 3364 super
2992 3292 3116 3360 quo
3152 3291 3219 3366 a·

654 3367 835 3432 vium
865 3366 968 3430 alae
997 3364 1395 3444 innituntur,
1443 3363 1537 3429 est
1567 3363 1873 3441 fluidum,
1933 3439 1940 3448 .
2009 3363 2205 3428 ictum
2256 3359 2613 3444 effugiens,
2661 3379 2823 3442 ergo
2876 3354 3211 3425 necessario

656 3448 743 3514 ad'
780 3446 1110 3526 volatum,
1155 3462 1393 3531 nempe
1435 3446 1516 3512 ad
1558 3443 1752 3509 saltus
1794 3460 1915 3528 per
1942 3449 2162 3508 aerem
2197 3440 2611 3517 efficiendos.
2654 3440 3005 3524 requiritur
3032 3437 3132 3532 lon
3172 3449 3212 3495 e

655 3527 864 3609 major
891 3526 989 3589 vis
1018 3526 1300 3606 motiva,
1346 3545 1490 3611 quae
1520 3520 1744 3591 saltem
1776 3524 2126 3608 quadrupla
2156 3522 2282 3587 erit
2309 3521 2485 3601 ejus:
2533 3540 2724 3607 quam
2757 3519 3042 3612 adsaltus
3057 3529 3120 3583 1n'
3150 3531 3218 3577 o·

661 3610 732 3674 lo
759 3606 950 3672 firmo
982 3606 1378 3689 requiritur:
1397 3607 1527 3673 Sed
1556 3606 1622 3670 in
1651 3606 1753 3670 his
1787 3605 1881 3669 vis
1908 3605 2156 3668 motiva
2186 3598 2432 3667 ostensa
2465 3602 2559 3667 est
2604 3603 2639 3685 (
2654 3600 2749 3684 a)
2793 3616 2895 3667 ter
2938 3599 3216 3666 mdlecu·

666 3689 776 3772 pla
802 3686 947 3752 sere
978 3686 1285 3770 ponderis
1316 3687 1603 3753 animalis
1615 3685 1863 3771 sursum
1889 3682 2157 3766 impulfi.
2203 3680 2404 3766 Igitur
2434 3683 2569 3762 vis,
2615 3700 2758 3766 quae
2810 3690 3148 3748 exercetur
3180 3673 3211 3737 ὲ

657 3767 939 3851 musculis
962 3765 1214 3849 pastoris
1251 3771 1317 3834 in
1349 3768 1613 3850 volatu,
1652 3783 1792 3835 non
1821 3765 1947 3833 erit
1963 3765 2211 3862 minor,
2232 3777 2424 3850 quatu
2442 3764 2666 3860 decies
2679 3762 3055 3848 millecupla
3068 3772 3208 3845 pon·

663 3848 833 3918 deris
863 3866 997 3915 avis
1027 3847 1324 3916 volantis.
3044 3922 3091 3996 P
3152 3933 3217 3981 ο.

874 4010 1017 4098 (a)
1057 4011 1252 4099 Prop.
1303 4030 1443 4099 175.
1487 4011 1695 4096 hujus6
1795 4057 1802 4062 -
3029 3936 3176 4042 .‚-..⁸‡.
