3419 4538
648 217 771 287 1612
1062 205 1225 277 CAP.
1270 208 1389 276 IX.
1434 209 1564 279 DE
1605 206 2098 280 SANGUINIS
2143 209 2886 283 EXPURGATIONE

644 365 790 430 naci
840 361 1213 429 vinciuntur
1245 409 1267 442 ,
1309 375 1383 427 ut
1413 380 1499 426 ex
1531 358 1843 425 ambabus
1886 362 2076 428 tertia
2107 362 2399 445 quaedam
2447 364 2653 430 moles
2700 366 2780 431 ad
2824 364 3015 433 instar
3043 365 3279 435 'fasci-

646 448 778 511 culi
815 461 1251 529 componatur
1352 461 1437 507 ex
1480 442 1773 526 pluribus
1817 441 2016 508 mistis
2072 441 2282 508 fluidis
2314 491 2336 525 ,
2384 460 2685 529 tanquam
2735 467 2816 512 ex
2862 447 3203 516 fasciculis
3244 498 3278 530 ,

647 529 820 597 illud
861 527 1128 596 fluidum
1168 525 1255 591 rni
1314 543 1419 590 uin
1466 520 1799 588 resultabit
1833 523 2097 590 diversae
2135 541 2375 590 naturae
2421 525 2460 592 a
2501 530 3077 610 componentibus.
3164 532 3276 596 Et

655 625 813 676 tunc
853 607 1073 675 nevari
1117 625 1251 671 non
1285 604 1543 690 potest,
1589 607 1772 690 quod
1817 606 2006 674 unius
2051 606 2392 688 cujussibet
2426 602 2722 673 fasciculi
2770 607 2980 675 mistio
3011 612 3076 677 ἀ
3112 627 3284 676 tex·

653 708 801 759 tura
847 656 1103 758 dissolvi
1150 707 1333 772 aeque
1384 685 1584 753 facile
1641 707 1774 753 non
1819 687 2036 771 potest
2118 708 2195 752 ac
2238 687 2509 773 simplex
2557 690 2938 771 contactum
2981 692 3043 757 δι
3093 693 3283 760 licet

647 788 772 858 per
801 771 1379 839 fermentationem
1414 769 1557 835 talis
1605 769 1936 835 connexio
1968 735 2222 835 dissolvi
2253 786 2487 864 queat,
2534 787 2751 837 tamen
2796 770 3214 838 ostendimus
3257 820 3289 857 ,

651 857 831 938 quod
870 853 1142 940 fimplex
1187 849 1493 917 structura
1538 850 1924 916 mechanica
1953 846 2232 917 cribrosa
2276 850 2877 934 infundibulorum‚
2936 853 3017 919 ad
3065 852 3288 921 instar

647 938 939 1003 radicum
988 933 1290 999 arborum
1321 979 1345 1013 ,
1453 950 1525 996 er
1569 926 1636 995 se
1678 926 2001 997 sufficiens
2047 929 2139 998 est
2185 933 2263 998 ad
2326 932 2662 1017 opificium
2716 932 3282 1002 fermentativum

649 1015 1080 1165 suppilendum
1109 1062 1134 1096 ,
1178 1015 1240 1080 δε
1268 1014 1349 1080 ad
1379 951 1863 1104 (leparationemv
1902 1013 2494 1099 heterogenearum
2527 1016 3007 1082 molecularum
3040 1013 3273 1084 absol-

648 1119 777 1166 ven
829 1118 952 1165 am.
1064 1159 1073 1168 .

735 1180 888 1247 Hoc
918 1197 1137 1246 autem
1172 1192 1244 1243 ut
1288 1176 1522 1243 clarius
1604 1175 2000 1261 ercipiatur,
2046 1172 2365 1259 observo,
2410 1178 2588 1262 quod
2635 1167 2808 1244 actio
2846 1177 3280 1247 fermentati·

649 1283 774 1344 va,
822 1282 945 1348 qua
979 1260 1163 1326 firma
1198 1260 1531 1325 connexio
1611 1275 2156 1343 eterogenearum
2189 1259 2661 1326 molecularum
2699 1259 3109 1343 dissolvitur,
3163 1261 3277 1328 fie-

647 1347 702 1412 ri
737 1364 873 1410 non
910 1340 1161 1428 potest,
1207 1340 1315 1406 nifi
1362 1341 1443 1405 ad
1476 1339 1549 1407 fit
1578 1339 2015 1421 fermentum,
2063 1359 2301 1424 nempe
2332 1339 2517 1407 causa
2550 1343 2842 1422 motiva3
2883 1343 3131 1408 modus
3161 1363 3275 1410 ve-

646 1446 723 1494 ro
768 1425 1084 1510 operandi
1129 1421 1550 1488 mechanicus
1596 1420 1689 1487 est
1747 1419 2090 1488 infinuatio
2148 1423 2610 1507 particularum
2648 1470 2670 1504 ,
2738 1420 2806 1488 se
2848 1429 3273 1493 moventium

643 1511 822 1575 inter
856 1523 1192 1572 connexas
1222 1502 1621 1584 moleculas,
1664 1500 2014 1568 fasciculos
2060 1520 2579 1587 componenteS,
2626 1522 2791 1589 quos
2833 1505 3101 1571 actione
3157 1526 3268 1572 cu·

643 1591 759 1657 nei
788 1584 1155 1654 discindunt
1197 1581 1348 1651 &se
1401 1601 1634 1664 arant3
1680 1586 1742 1651 δι
1781 1601 1938 1649 tunc
1982 1604 2025 1650 o
2073 1601 2293 1666 ortet,
2336 1601 2410 1651 ut
2454 1583 2726 1652 fluidum
2772 1584 3273 1655 diffolvendum

646 1673 716 1739 in
746 1665 898 1737 vase
942 1668 1162 1753 amplo
1196 1685 1324 1731 con
1352 1663 1537 1746 1stat,
1584 1680 1657 1731 ut
1699 1666 1942 1732 dietum
1973 1685 2010 1729 e
2070 1716 2086 1732 .
2740 1710 2747 1716 -

730 1752 790 1818 E
833 1759 1067 1816 contra
1098 1747 1336 1842 absque
1384 1748 1521 1811 ullo
1554 1746 1890 1813 fermento
1923 1746 1964 1812 fi
1991 1743 2147 1831 ipsae
2189 1747 2537 1815 moleculae
2568 1748 3036 1835 heterogeneae
3101 1769 3274 1819 con·

604 1867 609 1873 ·
652 1835 995 1921 glutinatae
1026 1879 1048 1913 ,
1114 1826 1366 1896 scilicet
1407 1826 1611 1911 ipsum
1657 1828 1924 1893 fluidum
1984 1828 2242 1895 mistum
2288 1846 2632 1904 moveatur
2656 1841 2694 1913 ',
2750 1830 3274 1918 impellaturque

620 1916 1080 1984 „vehementer
1112 1913 1280 1978 intra
1324 1907 1711 1994 porofitates
1742 1906 1985 1975 striflas
2029 1911 2266 1991 cribri,
2311 1905 2425 1977 seu
2479 1913 2647 1978 intra
2691 1913 3112 1979 infundibula
3160 1935 3265 1981 ca·

644 1997 900 2083 pillaria
926 2016 1060 2062 non
1103 1991 1492 2072 dilatabilia,
1516 1993 1932 2139 ‚tuncfflape
1966 1993 2158 2057 cunei
2190 1993 2360 2059 actio
2397 1994 2819 2061 exercebitur
2858 1992 3128 2060 inverso
3161 2016 3264 2062 or-

649 2080 848 2161 dine;
892 2074 1104 2143 solent
1136 2077 1308 2141 enim
1339 2091 1531 2138 cunei
1563 2074 1711 2139 duri
1759 2093 1866 2140 inii
1898 2073 1962 2139 ἀ
1986 2074 2320 2140 acutiffimi
2366 2076 2697 2158 lacerare,
2740 2077 2804 2143 &
2831 2076 3109 2142 dilatare
3146 2097 3261 2162 po-

645 2181 758 2228 ros
791 2160 1027 2226 molles
1056 2160 1117 2226 &
1156 2155 1451 2243 fragiles:
1499 2174 1674 2221 nunc
1703 2173 1869 2221 vero
1899 2154 2156 2239 ipsimet
2185 2159 2376 2223 cunei
2420 2156 2600 2223 fluidi
2633 2161 2695 2225 &
2737 2158 2975 2225 molles
3000 2161 3264 2241 patiun-

647 2260 757 2311 tur
794 2239 1285 2321 contufionem,
1333 2235 1787 2331 corrofionem·
1825 2255 1907 2303 ue
1961 2237 2025 2303 in
2067 2237 2343 2323 ingressu
2368 2240 2432 2307 &
2462 2239 2727 2307 tranfitu
2777 2258 2898 2326 per
2936 2238 3258 2326 angustias

646 2323 1073 2393 consistentes
1107 2322 1343 2401 cribri,
1389 2321 1498 2384 vel
1531 2320 1786 2386 infund1
1841 2320 2119 2386 ulorum.
2194 2320 2282 2386 Et
2325 2322 2479 2390 ideo
2507 2323 2841 2407 particula:
2903 2322 3257 2407 heteroge-

642 2427 795 2475 neae
826 2419 1306 2491 componentes
1337 2399 1730 2479 fasciculos,
1772 2397 1882 2465 seu
1909 2419 2157 2468 cuneos
2185 2400 2454 2485 fluidos,
2502 2404 2909 2490 quantumvis
2936 2421 3260 2469 connexae

648 2492 713 2559 ἀ
742 2490 1065 2585 colligatae
1096 2486 1347 2553 fuerint
1378 2485 1474 2576 ab·
1500 2477 1783 2628 igfismet
1830 2481 2131 2574 angustiis
2162 2531 2184 2565 ,
2230 2501 2348 2569 per
2378 2504 2534 2570 quas
2581 2486 2843 2552 transire
2888 2500 3258 2570 coguntur,

646 2574 853 2640 celeri
898 2592 981 2638 im
1035 2585 1149 2635 etu
1194 2568 1479 2650 disjungi
1615 2562 1696 2627 ab
1745 2580 2031 2655 inyicem
2077 2559 2353 2650 separari
2395 2570 2643 2634 debent
2669 2616 2694 2651 ,
2768 2587 2857 2633 eo
2903 2566 3075 2654 quod
3111 2584 3262 2634 non

645 2655 913 2743 poss'unt
1002 2652 1139 2717 mul
1188 2642 1553 2730 conjunstae
1588 2661 1708 2735 per
1743 2641 2154 2737 stricstissimos
2194 2647 2456 2715 canales
2500 2669 2864 2734 permeare.

652 2790 655 2799 .
730 2735 946 2815 Haec,
989 2736 1290 2816 inquam,
1337 2723 1700 2809 segregatio
1730 2726 2186 2809 particularum
2241 2729 2830 2816 heterogenearutn
2882 2730 3110 2798 fluoris
3138 2730 3254 2798 mi·

646 2817 774 2900 sti,
821 2835 965 2901 quae
997 2822 1080 2880 ex
1110 2808 1486 2902 necessitate
1517 2804 1815 2871 transitus
1862 2826 1981 2903 per
2022 2807 2339 2893 angustias
2384 2814 2751 2898 contingit,
2796 2813 3116 2897 praeclare
3157 2813 3247 2878 vi·

646 2920 766 2966 ces
808 2894 1334 2965 fermentationis
1379 2883 1632 2971 supplet
1660 2933 1682 2966 ,
1745 2889 1809 2953 &
1841 2892 2065 2973 majori
2112 2894 2562 2976 compendi03
2625 2914 2771 2961 nam
2818 2893 3254 2962 fermentatio

644 2984 837 3049 flento
868 2980 931 3045 &
961 2977 1149 3041 tardo
1180 2986 1367 3036 motu
1407 2966 1543 3065 fit,
1565 2968 1705 3035 haec
1749 2989 1911 3036 vero
1947 2966 2261 3056 disruptio
2291 2974 2353 3039 ἂ
2392 2971 2712 3071 separatio
2755 2991 3107 3042 momento
3148 2975 3250 3041 ab·

650 3060 816 3129 solvi
896 3052 1109 3138 otest,
1149 3055 1329 3120 &eo
1364 3049 1660 3131 faciliuS,
1706 3069 1843 3136 quo
1872 3054 2330 3121 vehementius
2372 3056 2640 3125 fluidum
2690 3056 2946 3124 mistum
2990 3077 3120 3142 per
3158 3058 3249 3123 in-

646 3076 997 3209 fundigula
1038 3135 1409 3203 insinuatur.
1495 3132 1717 3227 Quare
1765 3133 1955 3201 citius
1983 3183 2006 3220 ,
2052 3136 2289 3202 minori
2331 3156 2642 3224 apparatu
2687 3140 2750 3206 ὅ(
2795 3140 3030 3206 minori
3079 3139 3250 3205 labo·

642 3243 723 3291 ›re
836 3221 1010 3289 idem
1056 3220 1308 3286 bonum
1354 3212 1741 3281 secretionis
1789 3212 2128 3285 succorum
2180 3218 2779 3307 heterogeneorum
2837 3221 3083 3307 acquiri

649 3268 781 3373 test
810 3351 833 3388 ,
905 3301 1177 3391 fimplici
1232 3315 1424 3373 motu
1478 3316 1598 3384 per
1653 3296 1973 3386 angustias
2045 3297 2367 3371 vasorum.
2469 3303 2562 3372 Ut
2632 3302 3038 3391 propofitum

2865 4063 3236 4175 Puero}
