3419 4538
597 186 699 311 '4-
1091 217 1932 312 ·10.a.·E·R·N-
2016 216 2749 294 01tJ'LL11
2880 221 2891 231 ’
3124 232 3143 238 ·

328 366 454 425 ⁷³¹¹·
513 361 632 439 Dis»
653 376 737 441 de
767 372 1122 445 Effervesc.
1154 379 1216 445 δι
1243 378 1501 462 Ferm.)
1535 366 2045 457 ebullitionem,
2091 366 2154 443 δι
2181 368 2678 461 subsequentem
2723 374 2880 442 inde
2912 372 3278 446 Murano-

315 444 450 534 ΙΨ·
505 440 564 498 ‘¹‘
652 476 795 524 rum
843 457 1244 526 inflationem
1287 461 1615 545 producit.
1719 459 1846 526 His
1891 475 2109 525 autem
2150 458 2282 539 iam
2326 458 2524 524 video
2557 456 2714 543 quid
2753 457 2969 540 objici
3034 461 3275 545 poffit,
3388 532 3390 539 ,

326 515 527 590 lzfferv.
661 540 770 623 qui
803 557 1046 623 nempe
1079 538 1232 621 fiat,
1276 557 1349 605 ut
1379 540 1528 626 post
1559 542 2020 607 ebullitionem
2048 533 2389 613 Masculus
2432 540 2666 605 iterum
2699 537 3174 618 detumescat,
3218 544 3273 609 dt

331 608 402 650 ‘⁹'
439 600 608 653 ferm.
661 617 997 704 pristinum
1041 619 1271 688 statum
1318 625 1611 707 acquirat
1637 669 1661 704 ,
1722 623 1789 687 id
1823 620 1999 706 quod
2039 635 2380 687 momento
2422 620 2662 685 accidit
2691 667 2714 700 ,
2781 621 3068 687 videtur
3111 624 3283 688 enim·

337 669 389 730 ς·
418 683 523 728 ²²·
665 702 840 785 quod
887 697 1238 767 secundum
1280 722 1425 769 mea
1469 705 1786 788 principia
1843 720 1964 788 pro
2010 701 2450 785 explicatione
2499 699 3013 768 efferviscentiae
3174 702 3269 769 fita
3388 680 3390 743 Ι

658 779 996 849 Musculus
1026 781 1172 868 post
1215 785 1489 868 primam
1521 785 1977 849 ebullitionem
2016 797 2343 866 perpetuo
2387 780 2646 848 inflatus
2688 801 2966 847 manere
3001 785 3096 849 de
3241 831 3261 863 ‚
3388 794 3390 799 '

657 883 792 929 non
823 864 1013 929 aliter
1055 882 1132 929 ac
1161 862 1406 931 factum
1442 865 1538 930 est
1582 867 1646 930 in
1678 866 2137 949 experimento
2215 863 2452 929 ulveris
2530 864 2651 947 yrii
2674 910 2697 943 ,
2745 863 2860 928 ubi
2892 862 3177 948 spatium
3209 868 3262 931 in

663 945 828 1010 tubo
874 960 1259 1027 recurvato,
1307 947 1371 1012 in
1405 946 1586 1031 quod
1628 952 1742 1012 afer
1789 943 2005 1010 insitus
2056 881 2210 1027 po&
2250 962 2450 1010 accen
2501 961 2701 1009 onem
2749 942 2953 1028 ipfius
2995 947 3261 1030 pulveris

666 1022 800 1091 sese
832 1024 1269 1108 extendebat,
1317 1030 1637 1093 continub
1681 1027 1988 1091 manebat
2028 1022 2401 1103 extensum,
2448 1043 2576 1089 nec
2610 1026 2847 1091 iterum
2880 1029 3258 1092 concidebat

382 1125 501 1183 Lib.
555 1122 617 1181 de
673 1125 757 1171 co
803 1107 1008 1174 modo
1034 1125 1168 1191 quo
1213 1108 1424 1177 credit
1457 1108 1763 1176 Borellus
1806 1106 2113 1198 accidere·
2150 1107 2217 1170 in
2247 1103 2615 1198 MusculiS,
2656 1107 2724 1171 in
2756 1107 3008 1189 quibus
3038 1106 3254 1174 scilicet

347 1211 504 1258 arom
543 1204 626 1256 A·
674 1202 966 1254 autumat
993 1233 1016 1268 ,
1108 1188 1410 1255 articulas
1453 1189 1851 1256 ebullientes
1889 1186 2275 1271 rapidiffime
2321 1188 2872 1281 circumgyrando
2920 1192 3255 1255 vacuitates

348 1277 476 1361 nina
509 1290 621 1352 pro·
674 1207 1151 1365 grandiuscussls
1183 1268 1575 1365 efformare,
1624 1288 1768 1363 quae
1798 1266 1943 1353 post
2025 1267 2309 1361 eraCtam
2355 1266 2814 1413 {bgllsstronem
2846 1284 3097 1335 lterum
3122 1290 3244 1335 mn·

343 1353 512 1490 3³²2.
526 1369 618 1490 ²3:
674 1351 1190 1580 ἓὲΐῖτῖᾎῆὲὲὲἓψ
1198 1350 1990 1519 ἒῖἐὲἐῗῖὲωῑέρέξῗῗηέἓι
2022 1368 2037 1412 ¹
2079 1362 2839 1519 iiiflu‘mffssrtatss‘iss‘ss?
2867 1349 3249 1516 13¹2?ss

672 1531 939 1583 commo
1071 1532 1155 1579 vx.
1439 1540 1444 1545 -
3086 1527 3095 1535 ·

1837 1684 1897 1770 §.
1980 1681 2125 1749 v1.

752 1847 849 1914 Ut
890 1847 1111 1937 itaque
1156 1850 1321 1917 alter
1366 1844 1730 1915 difficultati
1776 1847 1986 1914 allatae
2035 1846 2301 1913 obviam
2346 1859 2529 1912 eatur
2563 1845 2930 1933 'nostraque
2972 1866 3023 1931 p
3060 1848 3076 1861 “
3152 1849 3252 1914 ‘ia

582 1970 585 1973 ,
674 1930 1011 1998 serventur
1044 1979 1065 2013 ,
1114 1932 1460 1999 statuamus
1491 1941 1801 2011 oportet,
1848 1929 1984 1995 dari
2025 1944 2266 2014 praeter
2298 1933 2514 1994 a‘erem
2560 1927 2875 2009 crassum,
2927 1948 3123 2014 quem
3177 1931 3253 2013 pi·

674 2030 927 2093 ramus,
972 2015 1166 2080 alium
1197 2010 1602 2078 subtiliorem
1633 2055 1655 2089 ,
1704 2012 1811 2093 qui
1853 2025 1999 2076 utut
2045 2009 2242 2077 etiam
2276 2008 2577 2075 elasticus
2611 2011 2798 2077 nullo
2842 2015 3059 2079 modo
3086 2012 3258 2097 perci—

673 2094 743 2175 pi
789 2094 1043 2176 potest,
1087 2096 1332 2179 quippe
1405 2094 1469 2157 ui
1513 2108 1743 2155 omnes
1786 2111 1989 2176 poros
2039 2107 2391 2175 corporum
2440 2091 2651 2156 libere
2681 2107 3021 2176 penetrat.
3114 2090 3258 2157 Posi·

677 2173 928 2242 tionem
962 2178 1128 2242 hanc
1159 2195 1294 2242 non
1341 2194 1377 2240 a
1424 2192 1508 2238 eo
1545 2165 1879 2241 absurdam
1912 2168 2082 2255 ess‘e,
2174 2187 2312 2238 atet
2356 2190 2439 2236 ex
2471 2191 2593 2253 e0‚
2640 2173 2819 2257 quod
2850 2174 3045 2239 inter
3080 2178 3259 2240 aerem

679 2256 1047 2327 craffiorem
1081 2306 1102 2338 ,
1146 2256 1590 2339 &materiam
1636 2248 1985 2337 subtilem,
2030 2191 2573 2334 velpaetheream,
2619 2273 2762 2339 quae
2790 2256 3053 2339 procul
3095 2254 3261 2322 dubio

677 2338 1307 2425 imcomparabiliter
1351 2338 1609 2420 tenujor
1651 2334 1748 2401 est
1792 2337 1912 2402 illo
1926 2383 1950 2418 ,
2000 2339 2121 2402 alia
2150 2336 2375 2420 utique
2408 2336 2645 2401 existat
2685 2337 2977 2402 materia
3011 2384 3036 2419 ,
3079 2336 3260 2422 &qui

679 2420 834 2486 dem
876 2423 1169 2488 omnium
1212 2421 1528 2506 graduum
1558 2434 1658 2482 ne
1700 2416 1894 2482 detur
1934 2415 2127 2484 saltus
2170 2419 2237 2483 in
2280 2435 2498 2482 rerum
2540 2430 2798 2483 natura:
2849 2417 3013 2484 haec
3040 2418 3257 2486 materia

675 2522 811 2568 non
855 2502 1076 2589 potest
1106 2519 1241 2568 non
1273 2501 1404 2567 ess'e
1434 2497 1693 2566 elastica
1741 2499 2017 2564 eandem
2046 2496 2439 2580 objcaull'am
2459 2544 2481 2578 ,
2527 2498 2618 2564 ob
2645 2517 2837 2584 quam
2890 2499 2999 2566 est
3030 2507 3129 2570 aet
3161 2516 3258 2564 no·

673 2586 778 2651 bis
805 2582 1133 2670 appositus
1163 2630 1185 2665 ,
1231 2597 1472 2664 nempe
1511 2581 1552 2647 a
1596 2581 1918 2645 continuo
1952 2595 2141 2646 motu
2170 2580 2456 2646 materiae
2490 2579 2834 2661 aethereae,
2888 2601 3052 2666 quae
3076 2596 3264 2649 omne·

669 2664 1441 2750 particulas‘craffioreS,
1486 2663 1549 2728 δε
1575 2662 1788 2726 minus
1818 2662 2088 2745 agitatas
2134 2676 2440 2746 tanquam
2484 2659 2911 2728 obstaculum·
2944 2663 2989 2729 ὲ
3036 2661 3104 2730 se
3138 2662 3270 2730 invi*

680 2764 829 2814 cem
862 2748 1218 2827 divellere,
1263 2747 1327 2814 δι’,
1357 2744 1689 2828 separare,
1735 2738 1982 2825 fibique
2025 2742 2305 2808 liberum
2339 2742 2666 2809 tranfitum
2708 2762 2946 2827 parare
3005 2761 3271 2811 conatur.

679 2826 1075 2911 Hujusmodi
1111 2829 1330 2911 itaque
1362 2824 1699 2891 materiam
1717 2868 1739 2902 ,
1762 2822 1875 2888 vel
1892 2840 2112 2889 auram
2128 2823 2450 2910 elasticam
2474 2823 2891 2889 subtiliorem
2907 2872 2929 2905 ,
2950 2826 3027 2891 ὅτ.
3043 2827 3272 2913 quidem

680 2908 1138 2976 condensatam
1171 2921 1409 2991 praeter
1440 2910 1659 2971 aerem
1676 2903 2082 2987 crassiorem,
2113 2906 2221 2990 qui
2252 2903 2361 2971 infi
2458 2905 2628 2970 iores
2657 2923 3038 2989 corporum
3068 2926 3261 2994 poros,

684 2992 796 3056 vel
829 2992 1101 3055 cellulas
1133 2989 1385 3071 replet,
1418 2987 1616 3051 etiam
1647 2985 1714 3049 in
1745 2985 2025 3051 minimis
2056 2984 2344 3054 claustris
2422 2982 2723 3071 ospitari,
2755 3006 2966 3053 nemo
2985 3036 3013 3070 ,
3050 2992 3160 3074 qui
3183 3006 3262 3055 no·

685 3070 845 3136 stras
865 3118 886 3152 ,
919 3089 1076 3165 quas
1123 3070 1189 3133 in
1223 3068 1483 3133 Differt.
1519 3066 1602 3131 de
1632 3063 1886 3133 Efferv.
1914 3067 1981 3133 ὁ(
2009 3067 2220 3135 Ferm.
2257 3069 2589 3134 attulimus
2618 3068 2909 3134 rationes
2940 3070 3156 3138 bene·
3245 3102 3264 3118 ·

679 3152 1028 3238 pendent,
1071 3149 1414 3217 dubitabit.
1447 3185 1452 3192 ·
1509 3144 1666 3212 Hoc
1699 3146 1910 3233 pofito
1943 3149 2216 3227 dicimus
2245 3196 2268 3225 ,
2302 3151 2658 3234 particulas
2704 3148 2945 3216 Fluidi.
2974 3151 3023 3216 s
3139 3154 3153 3166 '
3183 3155 3195 3164 '

678 3234 774 3302 mi
815 3235 895 3300 ad
939 3251 1181 3299 nervos
1229 3229 1672 3315 pertinentis,
1716 3230 1882 3296 adeo
1926 3229 2053 3296 effe
2092 3228 2380 3312 subtilis,
2426 3232 2734 3296 delicatas
2764 3231 2829 3297 ὅ(
2864 3247 3182 3315 teneras,
3215 3245 3270 3296 ut
3388 3257 3390 3274 =

683 3334 911 3383 earum
958 3310 1202 3399 spicula
1250 3312 1277 3394 (
1296 3330 1437 3395 quae
1467 3311 1551 3376 ad
1587 3311 1970 3378 levissimum
2001 3312 2241 3379 tastum
2272 3309 2487 3378 statim
2517 3311 2814 3378 hebetari
2843 3318 3098 3399 pono)
3139 3331 3264 3382 noa·

679 3397 799 3467 nist
834 3398 1139 3463 minimos
1229 3393 1647 3460 articulatum
1691 3389 2184 3478 sanguinearum
2223 3394 2497 3476 porulos
2543 3394 2796 3479 aperire
2826 3396 3113 3463 valeant
3140 3445 3162 3479 ‚
3205 3410 3263 3459 tx

682 3479 922 3574 quibus
966 3477 1119 3543 dein
1193 3473 1459 3540 ubtilior
1494 3473 1601 3538 illa
1630 3492 1784 3539 aura
1828 3473 2089 3540 elastica
2122 3472 2513 3540 condensata
2543 3473 2834 3560 promit,
2881 3495 3046 3559 quae
3079 3478 3165 3544 sui
3192 3477 3255 3558 ’μ-

680 3579 771 3628 ns
800 3559 973 3626 facta
1014 3553 1152 3622 sese
1192 3555 1407 3621 subito
1437 3554 1788 3638 expandit,
1831 3555 1894 3621 ἀ
1921 3557 2135 3640 primo
2186 3556 2436 3641 impetu
2467 3566 2672 3623 totam
2715 3553 3023 3624 Musculi
3059 3560 3250 3627 molffl

679 3639 868 3709 inflat
893 3687 918 3721 ‚
992 3634 1104 3704 sed
1142 3637 1346 3704 illico,
1371 3636 1462 3701 ob
1506 3636 1933 3719 exiguitatem
1960 3632 2288 3716 ,summam
2340 3638 2801 3722 particularum
2866 3635 3141 3708 suarum
3177 3654 3249 3722 pet

682 3740 890 3808 poros
917 3735 1179 3804 apertos
1212 3714 1503 3784 Musculi
1547 3716 1758 3784 libere
1789 3719 2071 3802 erumpit
2088 3728 2122 3802 ',
2166 3720 2366 3802 inque
2396 3723 2613 3786 aerem
2644 3733 3001 3787 externum
3044 3724 3250 3797 avola,

589 3823 592 3830 ·
679 3817 1052 3892 propterea
1084 3796 1340 3866 necess'e
1381 3797 1473 3864 est
1501 3845 1525 3878 ,
1569 3813 1650 3865 ut
1689 3797 1838 3884 post
1882 3799 2337 3867 ebullitionem
2382 3799 2727 3878 Musculus
2777 3820 3141 3876 momento
3174 3806 3254 3867 itt·

678 3877 1327 3961 zumvdetumescat‘,
1384 3877 1498 3945 nifi
1546 3881 1786 3964 jugiter
1828 3898 2019 3945 novae
2074 3882 2469 3950 instillentur
2513 3887 3026 3952 commemorati
3084 3880 3256 3952 Fluffi

681 3965 1001 4060 guttulae,
1045 3979 1189 4047 quae
1218 3962 1281 4028 δι
1307 3978 1545 4028 novam
1590 3961 1904 4048 pariendo
1949 3961 2404 4039 ebullitionem
2438 3961 2825 4036 Musculum
2858 3965 2928 4033 in
2973 3969 3272 4035 contium
3388 4001 3390 4004 -

677 4044 1026 4130 inflatione
1068 4041 1481 4121 conservent.
2964 4127 3032 4216 ς.
3125 4125 3291 4200 Vn
