3419 4538
595 241 728 326 ιο·
1105 215 2767 320 ‘sotlssttuoutttt

619 393 739 456 tre
762 371 1220 469 ,utmprimo
1241 386 1392 449 aere
1426 392 1674 451 tantum
1701 385 1978 471 repletae
1999 433 2018 466 ,
2039 382 2361 451 orificium
2379 378 2534 449 colli
2554 381 2943 465 obturetur,
2966 380 3253 470 bae‘cqne
3350 384 3361 391 ‘

621 467 693 537 in
725 484 955 553 aquam
989 462 1266 550 ipsomet
1283 460 1544 531 vasculo
1576 483 1957 534 contentam
1982 467 2439 551 immergatur,
2460 462 2504 531 s1
2524 484 2686 530 vero
2710 463 2896 531 forte
2924 466 3153 531 levior
3180 465 3249 532 fit

623 565 790 635 aqua
822 547 990 613 adeo
1015 563 1086 612 ut
1111 542 1352 613 surium
1384 564 1756 631 prematur,
1776 550 1834 615 ἀ
1855 545 2259 632 superficiem
2280 564 2460 631 aquae
2481 562 2705 631 petat,
2726 562 2887 612 tunc
2916 544 3249 613 orificium

630 627 935 716 ampulloe
966 629 1324 713 aperiatur,
1362 630 1555 714 eique
1590 645 1840 697 tantum
1873 648 2051 715 aquae
2085 630 2504 708 immittatur,
2537 646 2848 713 quantum
2890 625 3144 694 sufficit
3174 628 3251 694 ad

617 710 945 794 'equalem
985 710 1371 793 gravitatem
1414 707 1937 777 constituendam
1983 715 2152 778 inter
2183 726 2407 795 aquam
2456 725 2834 792 externam,
2884 711 2951 776 ἀ
2993 711 3243 792 ampul-

628 791 798 872 lam,
846 808 977 874 quo
1015 787 1193 855 facto
1224 789 1592 858 obstruatur
1637 794 1958 876 ampulla,
2002 795 2064 859 ἀ
2109 793 2172 857 in
2219 810 2447 873 aquam
2509 790 2729 856 denuo
2773 793 3240 875 immergatur,

636 891 742 937 ex.
791 890 883 954 gr.
930 866 1127 955 usque
1159 871 1239 936 ad
1274 871 1378 951 D;
1425 887 1562 938 tum
1594 876 1877 957 ampulla
1920 875 2009 940 ob
2053 872 2493 958 aequalitatem
2544 873 2857 954 ponderis
2916 874 3105 939 inter
3158 870 3243 937 sc·

635 950 1023 1036 metipsam,
1062 971 1097 1015 a
1149 971 1270 1033 ua,
1316 970 1597 1038 aereque
1629 957 1991 1037 repletam,
2037 957 2101 1021 δι
2156 959 2324 1019 inter
2382 948 2669 1035 ejusdem
2714 954 2906 1020 molis
2976 972 3238 1040 aquam,

640 1034 1068 1120 aequilibrium
1145 1034 1387 1100 errabit
1432 1036 1801 1120 ubicunque
1864 1053 2192 1120 ponatur,
2239 1037 2281 1100 i.
2334 1054 2392 1100 e.
2440 1053 2655 1119 neque
2698 1033 2983 1116 sursum,
3033 1052 3235 1119 neque

642 1114 942 1182 deorsum
987 1130 1366 1196 premetur,
1412 1113 1522 1181 sed
1572 1121 1634 1183 in
1684 1136 1762 1182 ea
1811 1119 2155 1184 altitudine
2185 1164 2206 1195 ,
2253 1118 2316 1181 in
2364 1132 2487 1203 qua
2532 1116 2663 1198 est,
2713 1114 3048 1203 bucusque
3093 1113 3240 1183 sem·

639 1215 761 1283 per
805 1199 1146 1278 manebit3
1220 1195 1264 1263 fi
1312 1197 1530 1281 itaque
1579 1198 1616 1265 a
1664 1201 1727 1263 vi
1775 1201 2049 1283 quadam
2113 1206 2384 1263 externa
2426 1197 2854 1282 disrumpatur
2913 1200 3243 1282 ampulla,

641 1280 915 1345 evidens
958 1275 1053 1342 est
1092 1325 1112 1359 ,
1173 1277 1237 1343 in
1281 1280 1504 1363 quiete
1565 1299 1695 1346 non
1756 1281 2030 1367 amplius
2070 1279 2432 1346 mansuram
2481 1278 2594 1345 sed
2656 1287 2873 1346 aerem
2924 1284 3040 1366 qui
3100 1298 3246 1345 con·

639 1361 974 1431 tinebatur
1036 1361 1097 1425 in
1158 1360 1443 1442 ampulla
1479 1406 1500 1441 ,
1575 1363 1828 1447 quique
1883 1381 2047 1447 aqua
2099 1359 2404 1445 specifice
2471 1361 2683 1427 levior
2738 1359 2832 1426 est
2867 1411 2890 1444 ,
2956 1361 3243 1427 subfor-

636 1463 747 1512 ma
801 1441 1198 1509 bullularum
1247 1437 1704 1524 ascensurum;
1766 1442 2137 1529 fragmenta
2181 1462 2345 1509 vero
2391 1442 2693 1527 ampullae
2736 1444 2969 1510 vltreae
3022 1442 3082 1510 E
3163 1441 3243 1523 F,

637 1526 791 1611 quia
834 1542 994 1609 aqua
1041 1519 1344 1606 specifice
1392 1520 1538 1589 sunt
1632 1526 1890 1591 raviora
1921 1573 1941 1608 ,
2003 1526 2084 1592 ad
2128 1523 2407 1590 fundum
2451 1522 2768 1590 ferentur.
2861 1525 3040 1590 Haet·
3168 1541 3242 1590 at·

634 1605 884 1673 tentius
944 1603 1433 1671 considerentur
1618 1608 1775 1672 atim
1831 1624 2100 1691 apparet
2127 1655 2148 1687 ‚
2213 1606 2367 1691 quid
2430 1604 2779 1672 conferant
2822 1607 2904 1672 ad
2964 1608 3241 1703 precipi-

636 1688 905 1756 tationis
960 1685 1107 1771 post
1167 1651 1755 1756 Effervet’centiam
1800 1706 1964 1756 ortae
2009 1690 2521 1772 explicationem
2555 1708 2571 1723 ·
2622 1707 2704 1752 ex
2746 1689 2842 1753 his
2887 1706 3073 1755 emm
3109 1700 3239 1753 con·

637 1769 965 1837 cludimus
997 1816 1019 1850 ,
1094 1768 1432 1835 materiam
1497 1770 1675 1849 illam
1733 1770 2103 1839 terrestrem
2140 1819 2161 1854 ,
2232 1789 2376 1856 quae
2446 1736 2592 1854 post
2668 1766 3243 1836 Effervcscentiam

640 1853 712 1920 in
755 1851 967 1918 fundo
1016 1846 1420 1931 conspicitur
1450 1899 1472 1931 ,
1533 1852 1693 1919 nihil
1745 1854 1921 1920 aliud
1978 1851 2108 1918 esse
2164 1870 2358 1939 quam
2448 1852 3004 1918 articulas·alca1i
3050 1850 3248 1918 diffra-

646 1934 783 2013 Ctas
820 1979 842 2013 ‚
903 1952 1050 1998 nam
1102 1949 1252 1998 ante
1303 1930 2090 2001 Effervescentiamdum
2139 1940 2292 2000 aere
2354 1955 2389 2001 a
2441 1935 2567 1999 huc
2613 1930 2760 1998 sunt
2805 1934 3090 2019 repletae
3120 1980 3141 2016 ‚
3194 1934 3251 1998 in

652 2017 913 2101 liquore
959 2014 1115 2080 hinc
1159 2012 1312 2079 inde
1359 2010 1684 2097 disperfim
1732 2017 2015 2083 natando
2058 2032 2203 2081 nec
2244 2012 2482 2082 sursum
2523 2012 2830 2087 feruntur
2857 2062 2880 2095 ,
2945 2034 3086 2081 nec
3124 2013 3248 2080 fun-

649 2097 808 2165 dum
868 2111 1105 2180 petunt
1161 2095 1251 2161 ob
1299 2097 1574 2162 eandem
1619 2099 2087 2181 particularum
2158 2116 2307 2163 cum
2375 2099 2630 2184 liquore
2692 2098 3094 2182 gravitatem
3134 2087 3248 2180 spe·

647 2178 906 2247 oificam
939 2226 961 2260 ,
1031 2177 1076 2244 fi
1141 2196 1299 2244 vero
1359 2177 1512 2245 huic
1573 2179 1813 2265 liquori
1874 2179 2246 2247 affundatur
2303 2180 2465 2245 alius
2540 2178 2793 2264 aliquot
2946 2180 3023 2245 ui
3132 2177 3256 2243 arti·

650 2261 818 2329 culis
889 2260 1061 2327 acidi
1120 2256 1410 2342 scateat,
1484 2260 1585 2327 12ae
1657 2263 2009 2349 particulas
2054 2261 2240 2329 alcali
2297 2259 2681 2347 diffringent
2716 2307 2737 2340 ,
2793 2226 2857 2328 δ’(
2952 2281 2999 2327 c
3050 2198 3260 2340 igem,

652 2344 835 2441 quod
881 2344 945 2409 in
988 2343 1271 2438 ampulla
1316 2343 1523 2410 vitrea
1565 2347 1810 2411 accidit
1839 2391 1860 2425 ,
1904 2345 2173 2410 eveniet
2203 2391 2224 2424 ,
2273 2345 2576 2409 nimirum
2623 2349 2735 2408 aer
2769 2387 2792 2423 ,
2854 2344 2972 2429 qui
3026 2344 3094 2410 in
3138 2355 3297 2428 par·-

650 2426 875 2494 ttculis
920 2426 1106 2492 alcali
1139 2425 1526 2492 continetur·
1572 2427 1665 2492 ob
1712 2428 2049 2492 levitatem
2095 2425 2403 2491 ascendet
2429 2470 2454 2506 ,
2509 2422 2879 2507 fragmenta
2920 2442 3102 2491 vero
3143 2443 3254 2509 par·

650 2507 1010 2574 ticularum
1056 2507 1246 2573 alcali
1303 2507 1394 2573 ob
1447 2508 1954 2592 praepollentem
1990 2509 2371 2594 gravitatem
2402 2553 2423 2587 ,
2470 2507 2551 2572 ad
2599 2494 2880 2576 fundum
2926 2523 3171 2587 ruent,
3204 2504 3253 2570 ὰ

657 2585 792 2658 hoc
840 2587 972 2671 est,
1022 2588 1201 2684 quod
1241 2588 1547 2674 Chymici
1595 2591 2141 2673 Pracipitationcm
2184 2604 2450 2654 vocant.
2541 2587 2799 2654 Dantur
2889 2588 3127 2655 uidem
3164 2583 3260 2653 Ef-

659 2667 1117 2738 fervescentiae
1150 2717 1173 2749 ,
1237 2691 1379 2757 quae
1424 2671 1586 2737 nihil
1633 2671 2019 2755 praecipitari
2069 2669 2214 2754 post
2257 2671 2324 2735 se
2367 2670 2742 2754 relinquunt
2773 2716 2795 2750 ,
2844 2670 3019 2736 ilud
3070 2683 3270 2737 autem

656 2771 797 2820 non
841 2751 918 2818 fit
951 2799 973 2833 ,
1037 2751 1152 2818 nifi
1200 2752 1488 2838 liquores
1535 2753 1616 2819 ad
1665 2748 2228 2818 effervescendum
2273 2772 2308 2816 a
2358 2754 2460 2832 ti,
2519 2748 2664 2817 sunt
2711 2749 2959 2817 summe
3016 2753 3274 2846 deputa·

662 2837 715 2902 ti
750 2881 774 2916 ,
834 2852 1109 2919 quorum
1175 2843 1417 2917 nempe
1473 2833 1811 2918 particula
1858 2829 2050 2898 valde
2095 2831 2240 2900 sunt
2312 2834 2553 2900 ubtiles
2580 2880 2601 2913 ,
2643 2833 2707 2899 Gt
2749 2834 3059 2918 exiguae3
3104 2833 3273 2899 ideo·

666 2935 796 3011 que
843 2916 1021 3000 quod
1067 2915 1244 2980 nulla
1271 2917 1479 3000 „praeci
1530 2917 1721 2981 itacio
1780 2912 2239 3001 subsequatur,
2285 2916 2453 2981 ratio
2499 2916 2644 2980 haec
2690 2909 2821 2980 est:
2862 2919 3023 3008 quia
3067 2913 3112 2981 fi
3148 2932 3276 2997 pat*

667 2997 889 3065 ticulae
935 2995 1177 3081 alcali,
1234 3014 1382 3078 quae
1430 3018 1465 3061 a
1511 2997 1781 3062 modum
1827 2992 1970 3062 sunt
2009 3013 2265 3080 parvae,
2329 2996 2365 3064 a
2415 2997 2746 3080 particulis
2799 2997 2968 3062 acidi
3016 2992 3272 3063 disrmn·

635 3093 946 3162 ‚puntur‚
993 3075 1403 3223 aii-equidem
1431 3076 1813 3144 intrinsecus
1849 3076 2348 3145 seseextendens
2379 3074 2618 3144 sursum
2651 3079 2865 3144 fertur
2887 3125 2909 3158 ,
2955 3076 3079 3144 sed
3114 3076 3276 3159 frag·

668 3172 897 3226 menta
941 3172 1160 3241 patncu
1191 3175 1374 3223 arum
1420 3161 1714 3242 quamvis
1778 3160 1824 3226 li
1875 3179 2035 3225 uore
2097 3160 2134 3225 s
2171 3159 2402 3226 ecifice
2460 3159 2583 3226 (int
2638 3161 2941 3244 graviora
2972 3207 2996 3240 ,
3075 3173 3275 3225 tamen

669 3239 762 3307 ob
806 3231 1118 3334 summam
1163 3231 1527 3334 exilitatem
1564 3240 1664 3306 -ad
1709 3180 1988 3334 fungum
2050 3180 2369 3312 sugfidere
2425 3258 2757 3326 nequeunt
2788 3261 2818 3334 ς.
2854 3243 2961 3305 exi
3065 3243 3188 3307 itas
3225 3258 3277 3303 e·

670 3322 806 3390 nim
852 3319 966 3387 ista
1012 3318 1218 3386 effic1t
1247 3364 1272 3400 ,
1335 3338 1418 3386 fut
1462 3341 1561 3388 vis
1612 3322 1905 3389 exceflus
1963 3320 2282 3406 specificae
2326 3323 2657 3407 gravitatis
2713 3341 2902 3387 umus
2994 3340 3275 3409 ragmew

674 3405 727 3471 ti
768 3400 843 3468 fit
886 3403 1100 3470 minor
1133 3449 1155 3483 ,
1214 3420 1404 3488 quam
1446 3420 1518 3469 ut
1569 3403 1761 3486 poffit
1796 3401 2564 3487 *superarerefistentiam
2609 3403 2969 3485 frictionis‘,
3022 3407 3140 3471 vel
3177 3404 3273 3468 vil·

677 3483 946 3564 lorum,
1011 3484 1240 3566 quibus
1298 3485 1632 3564 particulae
1697 3501 1930 3551 mutuo
2006 3486 2474 3569 implicantur-3
2546 3484 2633 3551 {ic
2689 3486 2779 3550 ob
2850 3487 3141 3553 eandem
3198 3502 3269 3550 ra·

679 3567 931 3631 tionem
989 3566 1254 3649 granula
1316 3566 1621 3647 plumbea
1681 3566 1745 3631 in
1786 3584 2042 3631 acervo
2101 3568 2259 3633 milii
2320 3563 2599 3650 dispersa
2653 3585 2786 3631 non
2843 3561 3265 3644 subsiderent,

676 3647 976 3792 puamvjs
1051 3647 1299 3727 plumbi
1369 3645 1667 3729 specifica
1746 3652 2034 3731 gravitas
2105 3650 2315 3716 multo
2382 3650 2592 3731 major
2660 3648 2736 3714 fit
2806 3666 2999 3732 quam
3044 3650 3264 3725 ‘milih

708 3728 1010 3793 cabrrttes
1054 3728 1227 3792 enim
1285 3729 1565 3809 partium
1695 3729 1929 3813 quibus
2033 3750 2186 3798 rana
2244 3729 2309 3795 se
2364 3746 2595 3795 mutuo
2641 3730 3091 3813 contingunt,
3157 3733 3263 3798 loa·

679 3825 765 3892 ge
807 3807 1015 3890 maior
1048 3806 1178 3901 est,
1229 3826 1420 3892 quam
1455 3825 1527 3875 ut
1577 3773 1917 3892 superetur
1963 3830 1998 3875 a
2090 3810 2352 3877 excess‘u
2390 3811 2768 3896 gravitatis·
2819 3809 2907 3876 fic
2947 3813 3263 3893 particula

676 3894 886 3956 a'e'reae
918 3889 1346 3954 minutnffimae
1378 3887 1517 3955 solo
1548 3889 2006 3956 contaetu‘sub
2038 3909 2219 3977 -aqua
2266 3894 2683 3973 detinentur-3
2755 3910 2816 3957 1c
2860 3909 3101 3959 contra
3137 3912 3268 3959 non-

669 3980 998 4046 nunquam
1055 3969 1274 4050 exiles,
1316 3970 1599 4065 guttulae
1663 3990 1890 4055 aqueae
1952 3973 2019 4038 in
2058 3987 2061 3990 ’
2098 3980 2249 4039 aere
2306 3971 2615 4058 dispersae
2686 3970 2831 4038 sunt
2864 4020 2885 4052 ,
2952 3993 3102 4069 quae
3163 3991 3281 4040 non

645 4051 978 4119 *decidunt
1009 4050 1264 4140 {unde
1321 4054 1539 4119 a‘erem
1598 4052 1943 4138 humidum
2005 4054 2131 4122 esse
2191 4056 2521 4137 dicimus;
2601 4053 2687 4123 fic
2758 4073 3121 4124 mercurius
3150 4054 3280 4201 ,ah-it
