3419 4538
996 107 2126 208 PRIMARlo„
2707 156 2831 219 129

277 283 509 372 thue
537 280 706 351 ratio
735 280 920 365 huius
952 279 1357 363 operationis
1385 281 1619 348 clarius
1649 282 2086 368 percipiatur,
2128 285 2388 367 cogita,
2431 284 2597 351 intra
2630 303 2811 353 acer·

201 389 371 438 vum
396 387 590 433 arenoe
621 361 877 430 misceri
911 362 1133 447 plures
1165 359 1385 442 vesicas
1419 363 1707 445 inflatas,
1753 366 1986 448 procui
2017 363 2219 429 dubio
2236 387 2425 431 arenoe
2439 368 2814 449 granulain-

201 467 312 518 ter
342 448 409 514 se
441 448 682 513 eodem
713 445 932 536 modo·
965 438 1029 506 se
1061 459 1293 509 mutuo
1326 459 1628 529 tangent,
1675 465 1753 509 ac
1780 446 1994 529 prius;
2047 445 2108 511 ὅ(
2137 447 2290 511 ideo
2319 452 2424 511 vis
2455 444 2692 541 clastica
2709 469 2818 515 ve-

187 531 471 614 ficorum
495 547 624 594 non
661 524 1010 591 rarefamet
1037 543 1318 603 arenam,
1366 526 1427 591 δε
1471 545 1545 589 ve
1568 546 1667 589 tcoe
1713 526 1754 590 a
1842 526 2092 590 ondere
2142 527 2578 604 incumbentis
2622 550 2822 595 arena

312 614 438 678 tius
469 607 1021 694 comprimentur,
1064 604 1126 669 &
1159 603 1492 671 denfiores
1565 623 1696 671 ent.
1786 544 2009 698 &uate
2041 605 2481 690 compofitum
2511 627 2595 674 ex
2626 631 2815 677 arena

201 633 307 762 go
310 712 395 759 ex
424 688 635 771 vesteis
666 706 801 755 non
829 685 1123 771 acquiret
1149 688 1462 768 majorem
1492 687 1841 753 raritatem.
1885 688 2093 754 Simili
2122 689 2325 755 modo
2356 694 2458 756 ai'r
2488 688 2599 756 sua
2640 694 2713 757 vi
2754 713 2814 758 e·

198 770 422 858 lastica
450 769 801 837 rarefaciet
828 786 1081 853 aquam,
1126 767 1578 834 continentem
1610 770 1821 834 ai'rem.

284 856 354 922 Si
394 870 564 917 vero
595 851 840 930 velint,
864 846 1067 942 ‘quod
1094 848 1196 912 aii·
1223 847 1332 912 iua
1358 850 1429 912 vi
1456 852 1687 914 motiva
1733 846 1974 934 elafiica
2020 850 2382 936 disiungat,
2425 849 2811 939 separetque

204 935 670 1021 cassanguinis
716 928 1100 1019 part1cu1a3,
1146 946 1288 1012 quae
1333 930 1969 1012 conglutinationem
2015 932 2330 1015 aliquam,
2375 950 2489 998 aut
2536 948 2807 1002 concre-

205 1021 466 1085 tionem
500 1015 564 1079 in
592 1016 767 1076 venis
795 1012 856 1076 ὅ(
884 1013 1213 1092 visceribus
1242 1016 1663 1090 contaxerat,
1708 1012 1771 1077 ἀ
1798 1012 1909 1077 tali
1942 1016 2251 1077 turbativo
2282 1026 2443 1078 motu
2472 1015 2804 1099 ai‘rinpul·

206 1100 478 1165 monibus
510 1089 1234 1174 fluxilitatemsanguini
1268 1088 1610 1170 conferat,
1656 1107 1877 1174 patet,
1920 1111 2110 1176 quam
2142 1090 2337 1159 futile
2367 1094 2444 1160 fit
2471 1095 2601 1160 hoc
2628 1096 2803 1177 adiu-

209 1194 507 1247 mentum
528 1170 855 1257 ,quando
889 1166 1067 1236 adest
1097 1166 1288 1262 causa
1316 1169 1788 1264 potentiflima,
1831 1191 1975 1256 quae
2006 1169 2430 1239 discissionem
2479 1176 2802 1258 congluti-

211 1271 504 1328 natarum
535 1255 816 1339 partium
849 1253 1049 1336 nique
1079 1251 1160 1317 ad
1190 1269 1452 1317 minima
1479 1251 1748 1318 efficere
1780 1251 2038 1336 potest,
2085 1255 2147 1320 δι
2182 1253 2335 1320 ideo
2366 1255 2800 1324 fluidiflimum

215 1342 563 1425 sanguinem
590 1333 888 1401 reddere.
960 1329 1145 1397 Haec
1175 1330 1361 1397 causa
1392 1329 1487 1397 est
1517 1332 1827 1419 expreffio,
1874 1352 1996 1418 per
2023 1336 2335 1418 capillares
2351 1335 2591 1420 fistulas
2633 1337 2799 1423 vaso-

192 1435 359 1489 ·rum
383 1417 550 1486 facta
578 1416 615 1482 a
644 1414 933 1480 torculari
951 1412 1253 1496 pulmonis
1313 1412 1516 1478 inflati
1552 1414 1614 1479 dt
1645 1415 1986 1500 compreffi
2012 1414 2051 1480 a
2082 1413 2396 1495 rffilitione
2425 1414 2740 1501 costarum.

192 1559 198 1568 .
294 1497 370 1567 N
372 1518 460 1564 on
492 1497 744 1563 videtur
771 1494 977 1586 magis
1017 1512 1175 1559 vera
1217 1459 1474 1560 assertio
1506 1494 1590 1560 de
1620 1498 1779 1561 ai'ris
1806 1495 2048 1561 nitroia
2077 1513 2339 1578 natura,
2383 1496 2517 1563 five
2545 1499 2656 1565 illa
2690 1500 2803 1566 de·

210 1580 497 1667 pendeat
528 1578 609 1644 ab
637 1573 1031 1642 imm1st1one
1060 1575 1342 1657 partium·
1377 1572 1811 1658 terrestrium,
1855 1595 1999 1661 quae
2044 1579 2235 1643 ai‘rem
2279 1577 2574 1645 inficiunt
2604 1627 2625 1661 ,
2672 1581 2803 1649 five

205 1681 294 1729 ex
334 1661 569 1756 propia
594 1660 660 1725 ἂ
689 1654 1033 1723 intrinseca
1059 1656 1216 1720 airis
1245 1668 1507 1722 natura:
1552 1675 1701 1722 nam
1731 1658 1799 1724 in
1825 1658 2039 1742 primo
2081 1656 2225 1724 casu
2266 1661 2369 1724 ai'r
2396 1660 2461 1724 in
2492 1655 2554 1725 se
2587 1664 2802 1727 conti-

203 1742 392 1811 nebit
422 1741 668 1807 nedum
709 1754 965 1804 atomos
1008 1733 1289 1801 nitrosos
1332 1735 1749 1804 accenfibiles
1846 1734 1959 1805 sed
2008 1740 2206 1806 etiam
2247 1741 2598 1824 particulas
2644 1742 2805 1828 geli-

202 1823 318 1891 das
344 1870 369 1904 ,
413 1824 478 1889 ἂ
505 1816 1083 1887 condensationem
1127 1817 1565 1899 inducentes;
1607 1820 1672 1887 ὅ(
1721 1785 1878 1886 id’eo
1917 1832 2140 1887 motum
2182 1819 2623 1905 rarffablivum
2655 1824 2802 1906 scm-

195 1908 381 1992 guim’
409 1921 550 1970 non
590 1901 880 1967 inducet.
963 1896 1035 1964 In
1065 1898 1347 1964 secundo
1376 1896 1520 1964 casu
1547 1898 1789 1968 nitrosa
1823 1917 2047 1968 natura
2075 1904 2232 1968 aii-is
2248 1949 2272 1984 ,
2313 1903 2374 1969 ὅτ.
2404 1903 2542 1984 ejus
2571 1907 2674 1969 vis
2704 1924 2807 1969 ra-

196 1983 513 2070 refiziiiva
540 1986 664 2049 erit
704 1999 882 2046 mera
928 1978 1225 2073 conditio
1268 1981 1618 2047 materialis
1659 1983 2101 2049 machinarum
2145 1985 2283 2064 eius
2310 2029 2334 2064 ,
2396 1983 2626 2068 quibus
2670 1999 2807 2052 tam

193 2065 534 2152 propitia,
578 2081 770 2148 quam
799 2062 995 2127 noxia
1022 2059 1313 2126 cahd1tas
1343 2061 1471 2126 effe
1515 2062 1766 2145 potest,
1812 2081 1962 2129 nem
2010 2082 2048 2128 e
2094 2063 2411 2130 machinae
2451 2063 2804 2149 aliquando

195 2143 594 2216 condensari
672 2144 735 2210 ἂ
780 2141 1123 2227 aliquando
1161 2139 1201 2205 a
1241 2141 1463 2206 calore
1507 2140 1791 2206 rarefieri
1837 2160 1926 2235 po
1983 2156 2119 2207 unt.
2207 2141 2523 2208 Videmus
2566 2146 2740 2210 enim
2772 2191 2800 2225 ,

196 2228 349 2297 vim
377 2226 440 2293 dc
466 2191 851 2311 rigiditatem
890 2240 1077 2316 arcus
1102 2219 1305 2288 ferrei
1335 2220 1416 2287 ab
1464 2220 1614 2315 igne
1662 2221 1985 2289 debilitari
2026 2222 2090 2290 ὅ(
2139 2220 2560 2306 mollescere3
2603 2240 2671 2290 at
2716 2223 2801 2290 ab

195 2308 447 2377 eodem
478 2308 630 2392 igne
658 2306 701 2373 li
795 2324 832 2371 a
859 2305 922 2371 δι
959 2303 1071 2387 pili
1113 2302 1468 2369 tenduntur
1494 2303 2015 2389 1nduranturque.
2276 2344 2280 2348 »

277 2389 644 2467 Praeterea.
709 2383 1103 2470 1-particu1ae
1129 2387 1288 2450 abb-is
1316 2400 1480 2449 vero
1512 2383 1716 2452 essent
1745 2382 2030 2451 nitrosae:
2053 2385 2616 2452 accenderentura
2643 2403 2806 2454 con·

199 2471 384 2538 tastu
416 2467 691 2537 flammae
740 2466 1027 2533 candelae
1120 2466 1184 2532 δε
1213 2466 1504 2550 crepitus
1532 2466 1907 2548 efficerent,
1951 2468 2130 2552 quod
2161 2464 2258 2531 est
2289 2464 2544 2533 falsum.
2589 2472 2592 2473 ’

283 2547 546 2635 Insuper
574 2566 781 2630 noto,
825 2547 1006 2633 quod
1031 2511 1374 2612 danstantia
1409 2565 1531 2630 pro
1583 2550 1674 2613 ria
1700 2550 1858 2613 airis
1887 2567 2023 2614 non
2057 2546 2278 2614 rarefit
2322 2547 2403 2614 ab
2433 2547 2661 2615 afflone
2700 2567 2802 2614 ca·

192 2634 463 2701 liditatis
479 2677 503 2711 ,
548 2627 663 2696 sed
690 2629 911 2714 potius
941 2629 1022 2693 ab
1064 2625 1408 2710 admistione
1451 2648 1527 2693 ex
1568 2630 1931 2710 alationum,
1977 2627 2089 2694 seu
2121 2630 2569 2712 particularum
2597 2632 2800 2716 ignea·

195 2724 378 2794 runi,
417 2711 627 2777 veluti
661 2710 699 2776 ἐι
730 2709 953 2776 cuneis
983 2709 1234 2792 agitatis
1263 2755 1285 2789 ,
1330 2708 1369 2774 a
1396 2708 1629 2790 quibus
1665 2710 2311 2795 interceptaespirulae
2356 2712 2532 2777 aireae
2576 2711 2800 2796 potius

194 2793 721 2877 comprimuntur
763 2792 827 2857 δι
854 2787 1364 2871 condensantur,
1406 2806 1478 2854 ut
1512 2790 1664 2856 alibi
1694 2789 2172 2857 infinuavimus.

279 2873 587 2957 Tandem
618 2874 683 2938 in
699 2869 947 2955 fimstro
975 2873 1170 2938 cordis
1209 2872 1545 2936 ventriculo
1574 2890 1711 2941 non
1739 2870 1920 2938 adest
1945 2874 2155 2952 fervor
2183 2917 2207 2953 ,
2250 2872 2358 2937 vel
2407 2875 2670 2939 ebullitio
2702 2874 2802 2940 ul·

194 2957 263 3023 la
295 3002 317 3036 ‚
361 2955 568 3021 immo
597 2955 736 3047 ejus
764 2954 1047 3018 caliditas
1071 2960 1206 3017 non
1241 2951 1333 3018 est
1361 2951 1603 3034 major,
1635 2972 1828 3037 quam
1845 2952 1921 3019 fit
1949 2954 2060 3020 illa
2078 2999 2100 3033 ,
2178 2970 2276 3017 uae
2322 2955 2386 3019 in
2415 2957 2625 3021 dextro
2653 2976 2799 3022 ven-

196 3037 420 3101 triculo
444 3048 786 3119 reperitur.
870 3032 1074 3128 Quod
1111 3033 1285 3099 tactu
1326 3030 1465 3127 ipso
1511 3038 1917 3118 experimur,
1962 3035 2163 3100 immil
2190 3053 2245 3099 is
2291 3035 2505 3119 digitis
2553 3055 2676 3120 per
2715 3038 2802 3102 ci·
2869 3118 2872 3121 ,

191 3121 457 3187 catrices
483 3115 553 3182 in
583 3118 754 3180 corde
798 3114 1086 3180 animalis
1115 3114 1419 3180 viventis.
1502 3113 1682 3198 Ergo
1714 3117 1825 3181 illa
1852 3119 2008 3181 airis
2050 3111 2289 3180 nitrosa
2311 3133 2594 3201 natura,
2625 3117 2662 3183 a
2695 3136 2797 3183 re-

197 3196 604 3265 centioribus
634 3194 1039 3276 introducta,
1069 3213 1237 3261 vana
1277 3184 1546 3261 omnino
1574 3193 1691 3261 est.
1735 3197 1824 3262 Et
1850 3196 2127 3281 proinde
2158 3212 2200 3257 o
2253 3197 2617 3277 erationes‚
2686 3215 2800 3262 uas

192 3277 515 3364 producit
539 3279 640 3343 abi·
668 3323 693 3357 ,
736 3295 855 3361 per
887 3275 1331 3359 respirationem
1337 3276 1420 3361 sa
1502 3278 1637 3341 uini
1665 3274 2082 3361 commistus,
2126 3212 2322 3344 vaide
2351 3273 2619 3345 diversae
2678 3291 2795 3343 unt

196 3358 289 3433 ab
324 3357 499 3440 illis,
540 3375 684 3444 quae
713 3356 1022 3427 haetenus
1053 3358 1444 3445 excogitatae
1498 3370 1636 3427 unt.
2801 3404 2806 3407 -

301 3942 315 3957 .
399 3985 565 4066 Pars
609 3981 704 4056 ΙΙ.
1564 3942 1745 4074 (R)
2617 3977 2823 4051 Pao-
2887 3964 2904 3972 ⁵
