3419 4538
959 148 2231 240 REsP·1R-AT10N1⁷s.“
2545 192 2555 205 ·
2770 157 2897 256 ³⁵5-

255 332 435 405 δέω
457 321 812 412 expellant.
855 316 1120 386 Omitto
1147 315 1323 402 quod
1350 318 1451 381 vis
1478 315 1816 381 attraetiva
1842 334 1975 382 non
2005 315 2286 385 daturin
2316 311 2597 385 Natura.
2678 294 2890 403 Ergo*

265 417 412 485 alia
439 405 624 478 causa
650 402 939 489 affignari
966 399 1205 479 debet,
1226 415 1383 480 ·quae
1415 396 1679 463 efficere
1706 395 2157 479 respirationem
2185 399 2441 481 valeat,
2487 417 2640 466 cum
2664 401 2767 465 aer
2794 400 2859 466 ὃς

255 497 579 585 pulonem
601 502 786 557 mere
801 477 1026 567 peffve
1044 493 1439 546 concurrant
1461 477 1543 544 ad
1569 476 1853 544 astionem
1883 476 2316 561 respirationis.

591 645 1730 740 ·PRoP.osx’r1o
1855 637 2462 735 LXXXIII.

265 827 975 935 Causa‘efficiens
1010 821 1555 938 inspirationis
1588 824 1695 935 cst
1726 822 1861 915 vis
1896 821 2510 932 musculorum,
2534 854 2690 940 qua
2709 854 2869 916 am.

389 953 708 1076 pliatur
742 940 1062 1036 cavitas
1097 933 1466 1053 pectoris
1508 936 1622 1045 &⁹
1652 934 1991 1050 pondus
2006 996 2036 1042 ‚
2090 955 2329 1052 atque
2357 937 2493 1031 vis
2541 936 2865 1029 elastica

383 1068 638 1153 aens.

360 1238 637 1309 Certum
681 1227 818 1315 est,
860 1245 984 1317 per
1022 1227 1471 1377 inffz'rationem
1509 1225 1774 1293 immitti
1808 1228 2001 1295 aeirem
2022 1224 2197 1297 'intra
2217 1224 2476 1312 pesteris
2506 1230 2873 1311 cavitatem

273 1337 570 1405 tumque
582 1317 749 1404 fluor
775 1317 983 1381 aereus
1011 1313 1075 1378 in
1128 1310 1310 1377 nuari-
1331 1328 1467 1377 non
1493 1307 1687 1399 posfit
1721 1309 1888 1378 intra
1916 1307 2187 1398 spatium
2216 1310 2298 1376 ab
2328 1304 2459 1378 aiio
2480 1329 2760 1397 corpore
2775 1330 2875 1377 re-

286 1404 583 1487 pletum,
625 1395 740 1466 nifi
767 1396 1074 1463 dilatetur
1152 1392 1215 1457 ὁ(
1241 1394 1481 1457 cavitas
1512 1407 1649 1471 ejus
1678 1393 2045 1476 amplietur.
2128 1392 2342 1476 Erg0,
2391 1409 2464 1457 ut
2491 1392 2603 1459 fiat
2619 1392 2874 1477 inspira.

290 1486 431 1563 tio,
476 1484 704 1546 cavitas
719 1476 983 1561 pestoris
1012 1439 1266 1539 diiatari
1341 1473 1472 1538 rius
1504 1469 1739 1537 debet:
1782 1492 2011 1539 verum
2040 1490 2258 1557 partes
2303 1474 2596 1559 corporis
2640 1476 2878 1540 anima·

278 1563 383 1633 Iis
409 1562 659 1627 moveri
676 1572 823 1631 non
853 1555 1151 1648 poss'unt,
1194 1490 1458 1646 nifipper
1488 1553 1945 1619 contractionem
1971 1553 2399 1638 musculorum.-
2447 1555 2641 1638 igitur
2684 1567 2880 1620 motus

273 1644 599 1723 thoracis,
642 1658 775 1727 quo
804 1640 1043 1704 cavitas
1075 1652 1212 1727 ejus
1237 1634 1613 1717 amphatur,
1661 1632 1700 1699 a
1727 1635 2009 1722 musculis
2035 1682 2060 1718 ,
2099 1638 2448 1703 dilatationi
2480 1634 2739 1719 pectoris
2785 1636 2883 1702 in-

271 1721 761 1801 servientibus,
790 1716 1151 1785 ·neceffan0
1178 1713 1321 1780 fieri
1349 1713 1569 1780 debet.

369 1806 502 1886 At,
541 1802 883 1888 postquam
914 1796 1082 1863 facta
1115 1793 1209 1861 est
1237 1796 1512 1861 dilatatio
1538 1797 1844 1881 thoracis,
1890 1798 2087 1867 restat
2117 1797 2610 1894 inquirendum,
2645 1818 2769 1884 qua
2784 1820 2887 1866 ne·
3027 1880 3031 1884 ‚

274 1884 582 1972 ceffitate,
626 1886 689 1951 ὁ(
719 1900 842 1967 qua
870 1882 942 1945 vi
968 1881 1068 1944 afr
1095 1878 1264 1972 intra
1282 1876 1491 1961 peetus
1516 1877 1907 1947 immittitur.
1954 1881 2041 1951 Et
2070 1899 2284 1965 pr1mo
2370 1883 2548 1977 quod
2587 1901 2723 1949 non
2768 1900 2882 1947 ex-

279 1968 333 2035 f
413 1983 558 2037 atur
584 1982 710 2031 nec
740 1960 1090 2029 attrahatur
1119 1960 1200 2024 ab
1229 1956 1376 2053 {piis
1396 1960 1811 2044 pulmonibus,
1861 1961 2113 2029 constat
2142 1978 2226 2028 ex
2260 1928 2412 2029 afib1
2458 1963 2681 2044 dietis»,
2724 1980 2884 2051 ,cum

183 2094 208 2104 ι
283 2048 486 2119 nula
513 2049 616 2111 vis
643 2042 976 2110 attraftiva
1003 2040 1197 2106 detur
1226 2057 1292 2105 m
1325 2037 1573 2106 Natura
1608 2042 1753 2123 (a).
1836 2043 2141 2108 Secundo
2219 2043 2353 2108 uod
2383 2045 2483 2107 ah'r
2500 2063 2632 2109 non
2650 2063 2886 2121 occur·

288 2142 409 2197 :rat
439 2127 528 2192 ob
557 2126 748 2191 vacui
775 2124 1154 2202 horrorem,
1194 2121 1438 2215 pariter
1465 2116 1789 2187 ostensum
1820 2122 1911 2185 est
1939 2124 1977 2206 (
1994 2125 2096 2205 h).
2242 2122 2402 2188 estat
2430 2141 2630 2208 ergo,
2676 2139 2749 2189 ut
2778 2127 2881 2189 aci·

288 2212 381 2277 vi
397 2209 678 2292 ponderis
706 2206 768 2271 &
790 2207 862 2268 vi
887 2198 1122 2287 elafiica
1151 2219 1288 2285 ejus
1320 2197 1473 2266 fluat
1507 2201 1672 2266 intra
1699 2205 2026 2268 cavitatem
2063 2202 2321 2287 pectoris
2360 2203 2698 2272 dilatatam
2737 2224 2885 2274 non

281 2288 530 2370 scena,
567 2305 654 2354 ac
684 2288 848 2352 intra
873 2300 1148 2368 puteum
1176 2296 1563 2349 excavatum
1593 2285 1694 2349 αέν
1723 2278 1953 2367 sponte
1986 2284 2268 2365 decidit,
2311 2302 2592 2370 eumque
2628 2289 2883 2372 replet,

286 2367 611 2457 impulsus
655 2369 690 2435 a
709 2369 1046 2516 fravitate
1070 2366 1248 2459 ejus,
1333 2362 1568 2511 Estque
1599 2364 1664 2431 in
1693 2362 1939 2431 summa
1968 2381 2106 2432 tota
2136 2365 2279 2431 haec
2305 2368 2609 2450 operatio
2639 2369 2885 2436 eodem

290 2452 548 2533 modo,
596 2469 676 2517 ac
743 2448 933 2527 ollis,
979 2465 1086 2531 qm
1117 2461 1330 2512 utrem
1363 2463 1469 2510 mc
1497 2442 1674 2514 usum
1704 2446 1980 2530 habeat,
2026 2464 2375 2513 commune
2422 2467 2505 2513 ue
2523 2447 2845 2516 orificium
2865 2498 2889 2532 ,

294 2532 358 2602 ss
384 2533 492 2598 ille
521 2530 819 2598 manibus
847 2525 1265 2607 distrahatur,
1310 2527 1781 2612 dilateturque,
1826 2544 2138 2612 oportet,
2182 2542 2256 2593 ut
2283 2529 2395 2613 pel
2424 2548 2493 2595 es
2510 2531 2669 2597 utris
2686 2533 2891 2597 tabel-

300 2613 395 2682 lis
421 2612 600 2678 follis
632 2612 1038 2678 adhaerentes
1068 2608 1514 2692 expandantur
1542 2626 1845 2694 quoque,
1888 2610 1950 2676 &
1980 2626 2136 2675 tunc
2165 2614 2580 2676 accurretab'r
2598 2613 2892 2680 ambiens

295 2696 383 2761 vi
402 2692 911 2780 gravitatisejus
943 2689 1028 2754 ad
1054 2688 1434 2772 replendam
1463 2691 1815 2755 cavitatem
1845 2691 2014 2757 intra
2042 2706 2259 2757 utrem
2290 2705 2672 2758 contentum
2710 2693 2892 2762 asol-

299 2775 417 2856 le,
453 2790 815 2860 propterea
852 2770 1030 2857 quod
1075 2767 1396 2835 orificium
1440 2767 1624 2836 follis
1669 2771 1752 2836 ad
1795 2789 2008 2838 utrem
2037 2772 2392 2856 pertingit,
2434 2792 2561 2838 nec
2591 2775 2887 2842 diffluere

402 2856 523 2922 test
553 2855 723 2920 inter
752 2851 1018 2919 tabellas
1044 2851 1107 2917 ὅ(
1139 2866 1368 2915 utrem.
1453 2850 1560 2916 Sic
1581 2854 1829 2937 pariter
1861 2855 2078 2919 thorax
2108 2850 2201 2917 est
2229 2853 2437 2919 veluti
2468 2852 2647 2922 follis
2698 2857 2905 2923 inclu«

355 2938 536 3021 ‘tque
557 2936 862 3019 pulmones
893 2932 1166 3011 molles,
1203 2934 1542 3014 parietibus
1571 2938 1852 2998 concavis
1883 2936 2141 3013 thoracis
2190 2934 2629 3019 adhaerentes,
2677 2940 2758 3005 ad
2803 2941 2900 3004 in·

298 3015 438 3085 star
462 3018 628 3083 utris
715 3017 777 3082 &
803 3013 1012 3100 ollium
1040 3012 1302 3077 thoracis
1336 3031 1420 3078 ex
1437 3010 1650 3097 fistula
1682 3016 1968 3097 tracheae,
2015 3033 2157 3099 quae
2191 3014 2357 3080 intra
2378 3019 2684 3100 pulmones
2698 3007 2902 3086 ‘rami-

302 3097 566 3165 fleatur.
614 3064 793 3182 Iirgo
823 3097 1094 3162 dilatato
1124 3092 1292 3158 folle
1326 3096 1584 3160 thoracis
1616 3096 1652 3162 ὲ
1677 3100 1749 3160 vi
1779 3098 2212 3178 musculorum,
2256 3099 2358 3162 ac'r
2390 3095 2624 3183 sponte
2651 3103 2783 3169 ruit
2798 3097 2907 3169 sua

298 3180 630 3266 gravitate
661 3179 724 3246 ἂ
750 3182 821 3244 vi
848 3174 1087 3262 elastica
1117 3174 1198 3240 ad
1228 3176 1578 3259 replendos
1596 3179 1925 3261 pulmones.
2818 3213 2821 3216 ·

718 3313 1774 3433 Pn‘opos11-10
1883 3339 2479 3443 Lxxxlv.

302 3537 617 3634 Moms
649 3534 1204 3654 inspirationis
1234 3542 1345 3650 fit
1374 3541 1431 3628 ὰ
1478 3536 1872 3626 musculis
1916 3537 2636 3652 -intercostalibUS‚
2697 3543 2810 3651 &⁹
2859 3545 2916 3632 ὰ

427 3650 1060 3768 diaphragmate
1069 3655 1310 3766 fimul
1337 3657 1850 3770 operantibus.
1906 3653 2187 3749 TAB.
2241 3654 2577 3754 XVIII.
2632 3661 2808 3771 Fig.
2834 3678 2918 3748 2.

391 3839 923 3994 Distffiffififfk‘
950 3843 1263 3931 respiratio
1305 3846 1372 3912 in
1418 3847 2129 4014 naturakrzzffilacidam
2168 3851 2231 3918 ὅτ,
2259 3850 2690 3934 spontaneam,
2735 3852 2910 4003 &mian

395 4008 550 4098 (a)
591 4007 704 4081 De
730 4012 1012 4086 motion.
1053 4024 1260 4086 natur.
1307 4009 1345 4083 a
1371 4017 1548 4099 grav.
1591 4013 1792 4100 pend.
1836 4029 1979 4101 cap.
2022 4020 2092 4088 6.
2175 4015 2291 4102 (b)
2338 4014 2612 4093 Ibidem·
