3419 4538
840 152 1343 229 Canxxll.
1426 152 1595 228 DE
1674 157 2293 231 VOLATU.
2725 181 2845 233 201

198 316 443 468 {ursum
470 330 825 406 nunquam
850 308 949 381 -fit
966 356 987 393 ,
1022 307 1298 404 -praecise
1326 309 1562 375 itinere
1589 293 2114 397 perpendiculari
2146 310 2228 377 ad
2246 307 2660 377 horizontem
2677 360 2697 392 ‚
2717 308 2833 381 sed

254 418 492 545 etqpfrl
508 395 806 479 obliquo
834 407 1025 457 motu
1048 402 1189 475 per·
1202 392 1442 458 lineam
1475 409 1739 458 curvam
1772 392 2260 479 parabolicam,
2308 406 2379 459 ut
2394 393 2684 477 projecta
2700 413 2838 462 mo·

228 500 369 546 ven
425 501 467 543 o
494 495 641 543 ent.

308 560 417 626 Fit
456 554 681 643 itaque
729 555 878 621 talis
935 551 1203 638 ascensus
1290 554 1402 621 vel
1434 553 1641 702 cursus
1671 555 2104 623 horizontalis
2129 554 2264 621 avis
2291 574 2412 640 per
2445 555 2650 624 breve
2675 567 2843 626 'tem-

236 661 401 730 pus,
443 642 589 724 quia
617 640 757 730 cito
788 635 1000 701 *cessat
1027 655 1080 730 ae
1130 601 1398 718 uafitaS,
1441 655 1526 701 ve
1584 636 1881 703 defectus
1912 638 2203 721 impetus
2227 634 2578 704 desccnfivi
2610 639 2691 704 ab
2721 642 2840 710 im-

237 740 403 809 petu
430 718 840 805 pmJectitiO,
886 736 1035 783 cum
1065 719 1176 801 ilxe
1209 719 1626 783 continenter
1658 720 2102 798 acceleretur,
2146 717 2256 784 hic
2287 737 2453 784 vero
2482 720 2563 784 ab
2625 737 2839 787 exter·

239 806 342 885 nis
371 800 711 868 obstaculis
743 799 1132 865 retardetur.
1179 796 1357 891 ῌίηε
1385 798 1593 865 oritur
1618 800 1955 878 neceffitas
1983 799 2343 881 renovandi
2378 795 2571 866 saltus
2584 820 2702 885 per
2732 808 2837 869 a&-

238 903 376 954 rem
404 885 439 951 a
466 881 663 949 novis
693 881 934 946 alarum
967 874 1456 945 vibrauombus.
1937 906 1942 909 ·
2056 930 2060 934 ,

305 963 492 1031 Noto
522 962 782 1042 etiam,
828 960 1007 1045 quod
1043 960 1331 1044 praeditli
1362 959 1496 1026 duo
1525 962 1807 1048 impetus
1821 1011 1843 1046 ,
1885 956 2685 1048 projectitius&naturalis
2701 962 2838 1030 des·

229 1045 519 1115 cenfixms
614 1038 973 1126 aliquando
1006 1035 1073 1105 se
1103 1056 1333 1106 mutuo
1373 1042 1712 1109 destruunt
1739 1044 1802 1110 δε
1832 1046 2200 1126 retardant,
2244 1059 2317 1110 ut
2348 1047 2409 1109 in
2426 1043 2835 1128 asbery‘ucon·
2871 1056 2882 1074 ·

226 1131 315 1196 tin
364 1130 451 1208 't;
499 1093 868 1209 aiiquando
897 1119 963 1187 se
992 1136 1223 1215 mutuo
1255 1123 1600 1206 adjuvant,
1644 1127 1733 1190 ita
1766 1140 1841 1191 ut
1869 1120 2140 1192 resultet
2174 1144 2258 1190 ex
2286 1125 2622 1192 amborum
2654 1142 2834 1193 com·
2877 1136 2884 1143 '

220 1229 309 1296 po
359 1211 551 1276 tione
584 1222 813 1272 motus
843 1202 1410 1295 velociffimuemt
1440 1204 1787 1290 accipitres
1816 1209 1894 1272 ad
1911 1204 2106 1271 instar
2132 1202 2375 1291 sagittae
2391 1206 2655 1290 deorsum
2669 1224 2832 1289 prae-

218 1292 536 1378 cipitant,
590 1286 989 1379 utaviculas
1017 1300 1386 1369 percutiant
1413 1286 1475 1352 ἀ
1503 1290 1803 1381 unguibus
1833 1289 2214 1353 dilacerent.
2258 1286 2326 1354 N
2331 1307 2418 1353 on
2447 1283 2677 1352 desunt
2721 1306 2832 1352 ve-

217 1392 334 1455 ro,
381 1373 491 1456 qui
522 1364 982 1452 suspicentur,
1031 1362 1209 1450 quod
1240 1384 1393 1432 aves
1421 1368 1486 1433 in
1515 1367 1820 1434 altlffimis
1853 1369 2018 1455 aeris
2048 1369 2423 1454 regionibus
2465 1367 2701 1435 minori
2745 1368 2836 1434 la·
2925 1380 2928 1389 “

219 1456 387 1521 bore
414 1445 753 1536 suspensae
788 1447 1226 1540 retineantur,
1273 1467 1465 1532 quam
1496 1467 1707 1532 prope
1739 1466 2017 1532 terram,
2065 1453 2212 1534 quia
2254 1451 2466 1515 minus
2511 1450 2833 1534 gravitate

220 1551 456 1621 putant
554 1549 646 1595 eo
684 1527 866 1615 quod
899 1547 1107 1593 minus
1152 1528 1558 1593 attrahuntur
1587 1529 1624 1595 a
1657 1532 1725 1596 vi
1756 1533 2122 1615 magnetica
2194 1530 2330 1610 lobi
2360 1530 2648 1611 tellaria,
2677 1548 2832 1615 quae

223 1618 318 1683 est
348 1635 471 1681 cau
503 1634 545 1678 a
573 1608 885 1695 descensus
920 1609 1207 1694 gravium
1232 1608 1418 1691 juxta
1448 1628 1675 1676 eorum
1703 1610 2125 1678 sententiam:
2194 1613 2328 1677 cuti
2349 1613 2522 1677 enim
2539 1610 2831 1692 ferrum,

221 1701 413 1765 valde
444 1710 793 1761 remotum
824 1689 862 1757 a
896 1706 1234 1782 magnete,
1278 1689 1463 1773 hujus
1494 1691 1626 1757 vim
1655 1711 1790 1758 non
1819 1689 2013 1759 sentit
2034 1739 2054 1773 ,
2100 1711 2226 1759 nec
2256 1694 2337 1758 ab
2382 1713 2458 1758 ea
2505 1693 2830 1773 allicitur,
2861 1729 2869 1733 <

222 1778 309 1847 fic
352 1796 524 1844 aves
565 1771 992 1865 remotiffime
1040 1790 1173 1836 vim
1216 1773 1548 1856 gravitatis
1579 1775 1881 1842 amittere
1910 1789 2185 1860 putant;
2228 1774 2289 1841 Gt
2321 1774 2486 1840 hanc
2519 1772 2645 1840 ess‘e
2674 1791 2829 1839 cau·

224 1858 399 1940 sam,
442 1874 657 1941 quare
697 1854 967 1947 aquila-e,
1011 1853 1314 1918 volantes
1360 1852 1616 1938 longius
1656 1856 1694 1922 a
1742 1872 1952 1937 terra,
1997 1856 2304 1923 videntur
2345 1856 2413 1923 in
2463 1859 2630 1921 aere«
2657 1851 2832 1940 quafi

226 1939 582 2028 quiescere
600 1983 621 2016 ,
712 1935 930 2000 roluxrs
962 1932 1162 2017 paufis
1190 1935 1317 1998 alzs
1349 1931 1657 2020 expansas
1686 1939 1750 2004 ὅ(
1780 1939 2079 2007 immotas
2108 1938 2662 2017 retinendo,cum
2676 1954 2830 2020 pro-

221 2042 317 2108 pe
350 2037 605 2086 terram
700 2014 1153 2110 equentissimis
1181 2016 1243 2082 dt
1269 2016 1613 2083 velocibus
1641 2019 2113 2086 vibrationibus
2143 2025 2362 2085 a'erem
2376 2018 2702 2104 flagellare
2718 2033 2829 2082 co-

241 2117 532 2189 gantur,
574 2116 716 2163 cum
743 2097 1038 2161 volatum
1070 2095 1401 2164 inchoant.
2085 2112 2098 2134 ³
2701 2154 2706 2157 ,

326 2185 424 2251 At
455 2182 614 2246 tales
640 2177 1031 2258 conjectura:
1063 2175 1328 2243 infirmae
1365 2178 1491 2245 effe
1520 2180 1846 2246 videntur.
1889 2178 2147 2263 Primo,
2193 2181 2284 2246 ob
2318 2177 2689 2264 hypothesis
2705 2175 2831 2244 dif-

234 2263 647 2344 ficultatem,
695 2277 766 2326 ut
810 2258 962 2326 alibi
993 2256 1434 2343 ostendimus-»3
1475 2256 1763 2328 secundo
1842 2261 1943 2326 uia
1973 2262 2536 2346 accipitreaprope
2553 2276 2829 2340 terram,

236 2349 305 2416 in
339 2365 476 2432 quo
508 2343 629 2412 fitu
661 2343 760 2406 vis
789 2341 1157 2426 magnetica
1184 2342 1413 2426 vigens
1442 2343 1505 2409 δι
1533 2341 1784 2409 efficaci
1834 2362 1959 2409 ima
1989 2343 2069 2407 ab
2101 2343 2192 2409 eis
2227 2338 2835 2427 supponitur-,post-

238 2447 442 2514 quam
478 2428 802 2511 impetum
846 2420 1310 2506 acquifierunt,
1357 2443 1490 2489 non
1533 2425 1910 2509 percutiunt
1953 2429 2171 2491 aerem
2216 2421 2624 2507 frequentius
2720 2416 2834 2487 sed

255 2508 492 2575 eadem
515 2508 773 2573 raritate
791 2550 813 2584 ‚
857 2504 1078 2588 quain
1110 2505 1279 2570 loeis
1300 2505 1611 2572 altissimis
1640 2520 2031 2587 excurrunt,
2076 2506 2139 2572 ὅ(
2166 2503 2580 2572 nihilominus
2621 2469 2841 2568 facili:

257 2606 372 2655 me
403 2588 687 2653 volitant.
732 2585 914 2670 Ergo
945 2602 1076 2650 non
1107 2584 1198 2652 ob
1228 2585 1556 2654 defectum
1585 2587 1844 2653 virtutis
1872 2587 2256 2672 magneticae
2275 2584 2565 2666 tellaria,
2609 2581 2720 2650 sed
2736 2584 2828 2650 ob
2941 2651 2945 2656 ,

254 2669 491 2736 vim&
510 2670 823 2752 impetum
850 2663 1226 2759 aequifitum
1256 2665 1514 2750 possunt
1540 2670 1605 2734 in
1638 2663 1942 2735 altissitnis
1970 2670 2135 2738 aeris
2165 2666 2574 2754 regionibus,
2591 2664 2833 2752 absque

454 2750 587 2817 enti
610 2748 844 2815 alarum
870 2746 1241 2812 vlbratrone
1271 2743 1380 2813 sus
1414 2747 1578 2815 ensae
1606 2750 1890 2815 retineri.
2634 2791 2640 2795 ‚
2685 2768 2695 2782 ⁹

410 2831 575 2898 ertio
601 2828 748 2896 fere
780 2847 1109 2922 nunquam
1143 2830 1323 2912 regio
1380 2830 1637 2897 ublimis
1666 2831 1833 2896 aeris
1858 2831 2136 2897 omnino
2169 2829 2507 2916 tranquilla
2545 2824 2674 2908 est,
2719 2822 2832 2892 sed

235 2912 502 2999 semper
527 2913 813 2998 agitatur
840 2909 880 2974 a
909 2923 1162 2989 ventis,
1204 2924 1278 2975 ut
1307 2929 1391 2978 ex
1418 2926 1600 2977 motu
1633 2911 1902 2978 nubium
1930 2912 2287 2978 evincitur:
2330 2928 2396 2977 at
2410 2907 2833 2975 facileaven·

240 2996 329 3064 tis
352 2997 465 3062 aia
490 2985 813 3082 expansa
833 3007 1139 3055 unacum
1169 3010 1291 3057 ave
1321 2992 1743 3077 impelluntur
1753 2992 2034 3076 sursum,
2078 2994 2187 3059 vel
2218 2989 2443 3058 saltem
2488 2990 2831 3079 tardiffirfle

233 3076 517 3160 ἀοι-,βαι
547 3069 939 3139 delcendere
1022 3072 1472 3168 emittuntur-5
1519 3075 1582 3139 in
1623 3069 1766 3156 ipso
1797 3080 1950 3139 aere
1975 3075 2066 3140 ob
2097 3074 2284 3140 nimis
2313 3073 2641 3139 dilatatam
2670 3067 2717 3135 fi
2762 3087 2853 3135 u·-

232 3176 399 3225 πω
419 3156 717 3246 impetus
742 3090 1140 3217 descenfivus
1168 3155 1499 3236 gravitatis
1527 3155 1924 3235 retardatur,
1967 3169 2042 3219 ut
2071 3155 2312 3221 lamina
2327 3151 2545 3219 ferrea
2561 3149 2727 3215 subti
2758 3145 2828 3214 is-

242 3236 423 3304 fima
442 3231 790 3320 lennffimo
817 3244 1149 3318 motu·per
1178 3252 1401 3319 aquam
1433 3233 1770 3302 deseendit
1788 3281 1812 3314 ,
1851 3234 2108 3318 quando
2137 3234 2523 3319 prohibetur
2601 3250 2686 3296 ne
2704 3248 2826 3294 cae-

248 3314 389 3385 fim
428 3311 567 3386 deor
669 3391 693 3409 ..
727 3329 1051 3407 ercurrat.
1098 3312 1278 3396 Hinc
1324 3317 1477 3383 colli
1527 3318 1690 3395 itur,
1736 3315 1915 3399 quod
1960 3314 2103 3381 haec
2132 3310 2320 3381 causa
2350 3279 2667 3398 potissima
2700 3306 2830 3377 esse

244 3392 492 3486 potest
686 3408 832 3479 taus
860 3393 1124 3462 volatus
1153 3401 1368 3468 avium
1395 3400 1460 3468 in
1515 3400 1657 3467 ocis
1689 3394 2016 3476 altiffimis,
2733 3429 2749 3462 s

506 4006 837 4102 ParsI.
1506 3962 1934 4109 4Ce'*
2104 4002 2128 4030 '
2304 3979 2361 4021 ⁰
2642 3994 2869 4099 Pau-¹.
