3419 4538
993 116 2198 240 QuAnaurEnuM.
2645 177 2889 233 ·=n

283 311 452 389 culis,
496 307 561 373 ὅ(
594 304 884 384 eodem,
930 304 1012 370 ad
1043 301 1234 369 instar
1256 324 1509 385 manus,
1555 322 1863 393 tangere,
1912 306 2752 394 contrectat-cotimpellere
2769 310 2887 376 ob-

282 393 446 474 iecta
475 384 971 454 circumstantia
997 384 1213 470 potest
1230 432 1253 466 ,
1297 400 1371 449 ut
1400 388 1551 472 equi
1580 392 1795 454 calcem
1811 389 2214 473 impingunt,
2260 404 2370 453 aut
2386 392 2722 476 proprium
2742 411 2886 457 cor-

338 493 411 537 us
441 470 716 536 fricant:
761 468 829 534 ὅ(
854 467 1030 531 feles
1054 466 1120 533 ἀ
1151 465 1272 531 ursi
1306 470 1579 533 anticum
1596 474 1837 554 pedem,
1880 487 1956 535 ut
1983 490 2222 534 manum
2268 466 2617 556 usurpant,
2661 477 2884 560 ungui-

289 493 403 618 ῖω
431 556 757 638 digitorum
788 550 1107 632 raptando
1134 548 1198 614 ὅ(
1230 551 1606 635 pugnando
1693 552 1824 633 At,
1868 552 2128 617 duobus
2153 553 2405 635 pedibus
2422 557 2645 620 enticis
2664 554 2879 629 eleva·

304 635 383 699 tie
417 637 651 698 eodem
678 648 745 696 te
863 647 984 695 ore
1066 628 1326 713 objecta
1357 630 1768 698 contrectare
1798 631 1996 699 facile
2042 650 2173 698 non
2219 630 2516 716 poffunt,
2563 634 2676 701 nisi
2723 655 2879 723 pro-

305 716 483 782 strati
508 712 765 797 pestere,
906 678 1023 778 nisi
1048 712 1308 776 duobus
1330 716 1580 795 pedibus
1633 715 1896 800 reliquis
1941 729 2130 779 terrae
2173 714 2543 781 innitantur.
2592 717 2840 785 Verum

303 799 513 882 longis
542 798 817 859 cruribus
839 795 1156 877 pedalibus
1184 794 1565 877 pavimento
1594 796 1973 881 applicatiS‚
1994 795 2218 860 erecto
2250 814 2535 881 corpore
2555 797 2719 864 stare
2783 821 2826 864 o
2855 836 2881 849 ·

305 878 479 957 sunt,
530 894 598 941 ut
628 895 861 954 cane-S,
906 870 1102 940 fimiae
1132 875 1197 941 ὅ(
1226 873 1348 940 urii
1380 875 1620 940 diutius
1653 876 1734 942 ad
1765 875 1955 943 instar
1984 876 2357 957 hominum,
2399 877 2463 943 &
2498 893 2653 943 tunc
2685 899 2726 963 p
2756 899 2878 946 ane

285 962 691 1025 anter-foribus
713 960 1000 1040 pedibus,
1046 974 1371 1041 pugnare,
1417 958 1478 1023 ὅ(
1507 959 1915 1023 conti-estare
1949 957 2204 1037 objecta
2236 957 2534 1040 potsunt,
2582 958 2692 1026 sed
2745 980 2880 1027 non

285 1040 408 1109 fine
438 1038 748 1106 molestia
766 1085 789 1118 ‚
834 1054 918 1102 eo
950 1037 1129 1122 quod
1156 1039 1408 1103 articuli
1428 1042 1682 1123 pedum,
1728 1039 1789 1106 &
1852 1038 2132 1123 raecipue
2149 1040 2557 1105 calcaneinon
2573 1060 2757 1125 aeque
2773 1040 2879 1108 fir-

281 1144 379 1190 me
412 1120 781 1187 sustentare
807 1118 1065 1205 pofl'unt
1143 1138 1360 1185 ravem
1390 1119 1753 1185 machinam
1784 1056 1953 1186 issius
1983 1120 2306 1200 animam,
2353 1121 2534 1203 cujus
2565 1114 2877 1190 structura

278 1202 782 1270 accommodata
811 1199 942 1280 est,
988 1218 1061 1264 ut
1139 1213 1204 1265 tn
1272 1221 1411 1265 rono
1435 1198 1628 1284 super
1650 1209 1933 1285 quatuor
1962 1204 2174 1284 pedum
2195 1202 2519 1267 columnis
2551 1202 2882 1271 innitatur.

278 1286 360 1351 Et
388 1285 554 1349 hinc
584 1282 727 1376 est:²
774 1283 952 1365 quod
980 1300 1173 1347 canes
1260 1283 1432 1353 ando
1464 1281 1658 1347 facile
1692 1298 1923 1363 ruunt,
1968 1281 2082 1347 nili
2130 1279 2398 1366 posticae
2486 1283 2673 1349 arieti
2718 1286 2880 1350 inni-

278 1384 541 1433 tantur:
587 1363 786 1430 fimiae
815 1381 977 1427 vero
1005 1365 1066 1430 ἃ
1096 1362 1254 1443 urfi,
1297 1364 1404 1457 qui
1426 1364 1673 1446 plantas
1692 1367 1910 1448 pedum
1944 1380 2076 1427 non
2109 1364 2380 1430 omnino
2458 1362 2734 1431 isfimiles
2765 1367 2879 1431 hu-

280 1449 484 1514 manis
512 1447 753 1527 plantis
780 1442 1063 1533 liabent,
1108 1445 1342 1510 minori
1371 1441 1705 1526 molestia,
1751 1445 1811 1512 ἃ
1837 1445 2080 1531 diutius
2112 1444 2310 1513 ereffi
2339 1442 2878 1532 stare,&pedilms

279 1530 694 1597 anterioribus
720 1520 1074 1592 sublevatis
1098 1542 1390 1612 pugnare
1434 1524 1717 1609 poss'unt.

357 1609 655 1702 Quando
686 1626 884 1673 canes
910 1608 1221 1675 extremis
1244 1610 1504 1694 digitis,
1550 1606 1610 1675 ἀ
1644 1610 1796 1693 equi
1829 1608 2140 1673 extremis
2167 1612 2473 1695 unguibus
2496 1621 2572 1693 po
2627 1615 2886 1677 eriorum

270 1696 490 1776 pedum
524 1691 927 1770 innituntur,
973 1707 1131 1775 tunc
1160 1688 1422 1774 quidem
1457 1685 1794 1774 quiescere
1827 1691 1893 1755 in
1909 1686 2040 1769 ficu
2068 1689 2254 1755 cresto
2284 1709 2418 1759 non
2453 1696 2566 1775 pol
2597 1709 2749 1775 unt,
2786 1693 2879 1757 fa-

278 1775 404 1839 cile
435 1773 625 1838 euim
653 1785 876 1835 ruunt:
919 1771 1181 1856 poffunt
1211 1789 1428 1836 tamen
1459 1772 1942 1855 perambulare,
1990 1770 2137 1854 quia
2163 1771 2613 1845 vacillationes
2644 1775 2762 1840 abi
2813 1774 2882 1840 so

282 1873 475 1920 motu
506 1867 921 1936 reparantur,
968 1852 1130 1919 ficut
1180 1852 1338 1917 ‘ueri
1371 1853 1622 1918 duobus
1656 1854 1903 1919 baculis
1933 1856 2214 1918 cruribus
2243 1853 2518 1939 alligatis
2534 1874 2757 1939 peram
2811 1876 2875 1920 u-

286 1936 424 2003 lant
452 1935 527 2001 &
557 1950 851 2015 currunt,
897 1949 966 2000 at
994 1935 1144 2022 quie
1174 1952 1328 2000 cere
1354 1930 1542 2018 super
1572 1936 1696 2002 inis
1730 1934 1957 2003 fulcris
1986 1954 2121 2000 non
2139 1935 2397 2019 poss‘unt
2413 1931 2652 2021 absque
2667 1938 2874 2005 ruina.
2969 2010 2976 2024 .

717 2096 1742 2189 PRoPoslTro
1854 2095 2466 2195 CLXVIII.

470 2297 888 2391 Animalia
900 2295 1087 2412 sexi
1079 2300 1311 2414 pedia
1325 2363 1350 2403 ‚
1398 2277 1772 2411 ‘'quomodo.
1801 2295 2160 2381 incedant
2180 2352 2209 2395 ‚
2264 2294 2688 2407 inquirere.

368 2485 608 2556 infesta
635 2490 975 2571 animalia,
1020 2481 1162 2574 qua:
1199 2501 1430 2571 corpore
1455 2501 1638 2571 prono
1668 2488 1730 2553 &
1760 2487 2100 2573 praelongo
2131 2482 2297 2551 senis
2321 2486 2569 2568 pedibus
2602 2481 2882 2549 innitun-

299 2581 440 2648 ωτ,
482 2573 708 2636 eodem
739 2571 949 2638 modo
980 2569 1144 2636 stare
1177 2571 1576 2640 &incedere
1609 2570 1950 2649 videntur,
1996 2588 2072 2634 ac
2105 2565 2590 2653 quadrupedia3
2635 2564 2885 2657 scilicet
2962 2561 2969 2578 '

296 2647 497 2730 stant,
541 2649 584 2716 fi
616 2653 787 2717 linea
816 2651 1310 2737 propensionis,
1352 2671 1439 2716 ex
1476 2666 1709 2715 centro
1744 2650 2073 2734 gravitatis
2120 2646 2490 2715 animalculi
2536 2645 2886 2731 perpendi-

294 2732 597 2799 culariter
620 2735 704 2799 ad
724 2734 1156 2824 horizontem
1190 2733 1420 2798 educta
1506 2733 1699 2797 cadat
1726 2734 1893 2797 intra
1923 2729 2231 2816 spatium,
2277 2726 2879 2812 comprehensum&

290 2811 618 2896 pluribus,
664 2833 864 2901 quam
894 2815 1062 2880 binis
1084 2819 1372 2898 pedibus,
1416 2781 1477 2881 ἐξ
1500 2830 1662 2879 tunc
1695 2815 1866 2893 duo,
1917 2813 2024 2879 vel
2062 2829 2194 2878 tres
2199 2815 2369 2896 pedes
2396 2810 2625 2888 ⁴&terra
2641 2810 2887 2876 elevati

285 2889 713 2980 usurpantur,
758 2912 835 2960 ut
868 2917 1115 2977 manus,
1158 2895 1415 2984 ob‘etsta
1446 2897 1911 2961 contrechndo
2718 2935 2723 2941 -

362 2973 654 3041 Incess'us
682 2993 847 3041 vero
879 2977 1209 3044 commodi
1263 2996 1392 3042 une
1422 2975 1559 3040 fieri
1594 2976 1830 3060 potest.
1884 2976 2138 3057 Prim0,
2177 2977 2428 3060 pedibus
2453 2969 2881 3062 posterioribus

275 3052 463 3121 fimui
485 3105 505 3136 ,
553 3059 672 3121 vel
704 3052 1040 3126 succesfive
1073 3058 1476 3141 impellendo
1509 3054 1708 3123 solum
1729 3106 1751 3139 ‚
1795 3058 1876 3124 ad
1907 3058 2070 3137 hoc,
2116 3074 2188 3122 ut
2220 3072 2521 3122 centrum
2551 3053 2885 3139 gravitatls

279 3153 807 3229 promo-featur:
848 3138 886 3205 fi
918 3142 1093 3205 enim
1121 3144 1448 3204 anteriores
1469 3142 1643 3232 pedes
1670 3141 1884 3224 primo
1912 3140 2068 3204 loco
2085 3138 2638 3215 extenderentur,
2656 3145 2882 3200 retror-

274 3215 429 3307 sum
457 3219 689 3284 animal
719 3216 1046 3302 ferretum
1120 3222 1182 3287 ἃ
1213 3221 1365 3285 idco
1399 3220 1651 3285 initium
1686 3217 1958 3285 inceffus
1987 3218 2023 3284 a
2044 3215 2466 3302 posterioribus
2488 3219 2737 3297 pedibus
2771 3212 2886 3303 fie-

292 3316 353 3361 rt
389 3294 617 3365 debet.
662 3301 913 3387 Reliqui
947 3318 1164 3368 motus
1196 3301 1338 3367 fieri
1371 3301 1616 3366 debent
1648 3302 1886 3366 eodem
1931 3300 2171 3379 modo,
2219 3317 2295 3364 ac
2339 3298 2406 3362 in
2452 3295 2886 3380 quadrupeth-

291 3378 472 3458 bus»,
518 3377 666 3447 licet
690 3383 941 3449 alterari
974 3382 1165 3468 poslit
1193 3383 1542 3449 methodus
1574 3383 1679 3450 illa
1697 3430 1721 3463 ,
1769 3381 1917 3466 quia
1942 3377 2199 3464 semper
2233 3395 2579 3444 remanere
2623 3373 2888 3468 possunt

295 3473 442 3522 tres
471 3461 776 3529 columna:
797 3470 1020 3549 pedum
1051 3464 1281 3530 erestae
1299 3512 1323 3546 ,
1371 3463 1603 3548 quibus
1635 3461 1866 3530 animal
1886 3459 2214 3528 innitatur.
2262 3460 2352 3526 At
2369 3457 2884 3524 commodlsfime

295 3537 532 3622 fieret,
574 3543 616 3610 fi
648 3561 776 3612 tres
795 3550 979 3630 pedes
1008 3547 1427 3610 uniuslateris
1480 3564 1670 3621 ...unus
1687 3542 1834 3629 post
1848 3545 2123 3609 alterum
2140 3555 2645 3626 promoveretur
2656 3540 2886 3620 ,dum-

228 3632 239 3642 ·
284 3623 503 3689 modo
527 3625 777 3696 initium
801 3644 1030 3695 motus
1058 3626 1247 3692 fieret
1275 3625 1312 3693 a
1334 3592 1647 3771 pfferiori
1664 3673 1685 3707 ,
1731 3626 1835 3690 cui
1868 3622 2250 3690 succederet
2275 3624 2541 3704 medius,
2559 3621 2621 3687 &
2648 3621 2887 3688 ultimo

270 3713 559 3775 amicust
602 3709 692 3778 sic
725 3713 908 3777 enim
938 3725 1072 3774 tres
1095 3712 1311 3791 pedum
1452 3720 1565 3773 ntae
1619 3707 2302 3802 parallelogrammum
2345 3704 2887 3794 obliquangulugn

272 3789 809 3875 constituerent,
855 3791 1280 3859 commodum
1339 3788 1758 3872 ustentationi
1789 3789 1850 3854 &
1877 3786 2137 3853 incess'ui
2169 3786 2477 3852 animalis».

346 3874 591 3960 Magis
608 3891 846 3943 xamen
881 3869 1239 3940 laboriosus
1269 3871 1531 3936 videtur
1576 3869 1846 3936 incess'us
1890 3866 2251 3955 sexipedis,
2296 3884 2486 3950 quam
2530 3866 2894 3951 quadrupe-

267 3954 405 4039 dis,
458 3959 621 4044 quia
659 3960 727 4029 in
755 3959 889 4042 inis
918 3954 1377 4039 nulluspedum
1407 3953 1701 4041 dirigitur
1731 3948 2037 4100 ³}instat
2085 3951 2449 4032 columne,
2491 3944 2606 4018 led
2646 3944 2900 4096 sgmffit
