3419 4538
678 259 802 322 ²52
1074 223 1079 228 ⁴
1215 230 1405 299 CAP.
1467 227 1687 298 XXI.
1777 227 1945 297 DE
2028 217 2764 298 TREMO'RE

690 398 942 451 tentum
974 384 1038 447 in
1068 381 1385 464 musculis,
1432 383 1468 447 ὲ
1513 381 1748 464 quibus
1795 378 2052 464 displosio
2093 380 2377 465 inflativa
2424 378 2780 467 consurgit.
2864 383 3051 470 Igitur
3077 404 3222 471 opor·

611 513 621 524 .
690 482 825 545 tet,
873 480 944 528 ut
976 465 1041 528 in
1054 461 1282 546 spasmo
1316 463 1545 526 cadem
1574 464 1845 526 irritatio
1878 465 1944 525 in
1975 468 2220 542 nervis,
2266 463 2326 527 ὅ(
2355 460 2550 544 cffufio
2562 463 2821 548 succis
2845 466 3061 548 irituofi
3084 469 3218 535 fieret

690 548 726 612 ὲ
757 546 931 628 causa
962 543 1277 625 morbifica.
1371 543 1683 609 Videmus
1718 558 1931 607 autem
1952 589 1971 622 ,
2019 544 2196 627 quod
2232 544 2372 607 talis
2404 548 2683 608 irritatio
2842 549 3004 612 citur
3045 553 3099 616 in
3133 573 3220 615 ner·

691 632 792 692 vis
822 628 1159 691 cruralibus
1192 643 1489 689 ranarum
1536 640 2100 702 exenteratarum,
2147 620 2668 707 quotiescunque
2714 646 2839 692 acu
2884 648 3222 714 punguntur,

690 708 799 773 vel
832 706 1024 772 succo
1055 702 1254 772 salino
1290 721 1655 789 tanguntur.
1743 704 1830 769 Et
1860 704 1922 768 in
1956 706 2145 770 nobis
2177 703 2321 789 ipsis
2356 708 2776 788 experimur,
2820 712 2991 792 quod
3031 715 3218 778 irritatis

690 793 904 855 nervis
934 792 1175 853 narium
1263 802 1374 851 aut
1401 786 1610 868 asperae
1639 788 1879 850 arteriae
1909 831 1930 865 ,
1971 787 2338 850 excitantur
2380 804 2571 851 motus
2614 788 2961 869 convulfivi
2984 789 3217 875 sternuta-

694 874 914 949 tionis,
958 884 1069 933 aut
1099 881 1165 932 tu
1206 888 1280 931 is.
1367 866 1573 950 Igitur
1599 864 1779 931 fimili
1812 868 2010 932 modo
2046 865 2392 950 punctum,
2437 883 2548 931 aut
2577 868 2967 952 corrofiones,
3009 873 3154 939 factae
3174 876 3215 940 in

692 954 902 1019 nervis
932 962 1180 1016 artuum
1215 948 1545 1032 abaliquo
1575 945 1772 1013 sticco
1803 948 1938 1012 acri
1969 948 2030 1013 ὅ(
2077 945 2277 1014 salino
2308 994 2329 1026 ,
2369 948 2630 1032 poffunt
2682 963 2883 1016 motus
2928 955 3216 1033 convulfivos

693 1030 1083 1118 producere.
1217 1029 1279 1094 ui
1310 1041 1503 1094 motus
1534 1042 1726 1094 erunt
1760 1026 2106 1095 transitorii
2136 1030 2197 1095 &
2228 1031 2714 1112 momentanei,
2765 1031 2822 1097 ss.
2842 1037 3084 1100 irritatio
3105 1035 3218 1100 subi·

696 1131 769 1182 to
802 1111 1045 1193 ceffet3
1085 1112 1152 1178 &v
1221 1110 1462 1177 iuturni
1490 1106 2108 1193 &persever-antee,
2155 1109 2202 1176 si
2236 1113 2507 1175 irritatio
2551 1112 2665 1177 illa
2711 1116 3098 1180 continenter
3127 1115 3215 1180 fiat.

695 1194 855 1264 Hoc
901 1192 1321 1258 confirmatur
1354 1211 1437 1257 ex
1467 1210 1549 1256 eo
1565 1238 1589 1271 ,
1634 1190 1813 1274 quod
1842 1191 1907 1255 in
1951 1191 2116 1271 illis,
2162 1190 2272 1274 qui
2301 1190 2565 1271 convulsi
2593 1195 2904 1276 pereunt·
2969 1195 3089 1280 post
3110 1216 3210 1260 mor·

698 1288 815 1345 tem
846 1273 1043 1342 cessat
1071 1275 1181 1340 illa
1222 1269 1519 1357 distorsio,
1564 1273 2017 1356 &diriguntur
2046 1271 2334 1351 articuli,
2379 1274 2486 1356 qui
2517 1277 2849 1342 contracti
2912 1296 3126 1344 uetant:
3156 1295 3208 1339 co

698 1357 915 1441 quod,
963 1353 1247 1420 extincta
1290 1348 1547 1438 prorsus
1572 1353 1880 1434 facultate
1896 1351 2195 1436 sensitiva
2228 1354 2290 1417 in
2320 1358 2568 1434 nervis,
2616 1355 2858 1422 deficit
2890 1359 3213 1444 quoquesen·

676 1445 797 1523 sits
827 1433 1127 1520 molestiae,
1171 1435 1209 1501 ὲ
1241 1454 1364 1519 qua
1396 1433 1977 1514 convellebantur3
2022 1434 2082 1500 ἀ
2110 1434 2386 1518 proinde
2417 1454 2552 1500 non
2585 1438 2871 1521 amplius
2895 1441 3106 1523 succum
3119 1438 3202 1522 spi·

698 1518 1025 1603 ritucffum,
1072 1535 1308 1599 nempe
1339 1515 1570 1598 causam
1596 1513 1952 1598 displosionis
1981 1562 2004 1596 ,
2048 1517 2216 1582 intra
2255 1515 2538 1598 musculos
2583 1517 2974 1600 effundunt3
3011 1519 3210 1602 ideoque

702 1598 1025 1666 contractio
1055 1597 1163 1663 illa
1197 1597 1463 1661 violenta
1490 1618 1589 1662 mu
1616 1598 1740 1660 culi
1767 1595 2049 1663 deficiet.

780 1679 1005 1748 Restat
1032 1674 1445 1745 solummodo
1477 1678 1540 1743 di
1615 1679 1856 1758 cultas,
1902 1679 2237 1761 quomodo
2269 1693 2444 1743 tant-a
2487 1681 2702 1762 copiaw
2713 1680 2894 1764 succi
2927 1681 2964 1756 s
2993 1676 3195 1755 'rituofie

705 1766 911 1830 nervis
931 1759 1179 1826 effundi
1208 1758 1435 1843 poffit,
1454 1778 1595 1850 quae
1629 1754 1896 1824 sufficiat
1916 1760 1991 1824 ad
2020 1757 2413 1907 dig’kfiwssm
2442 1763 2863 1826 continuatam
2891 1782 2927 1826 e
2989 1759 3198 1825 ciendam
3287 1765 3288 1776 ³

732 1864 819 1916 ¹er
847 1844 1063 1927 plures
1090 1842 1229 1907 dies
1262 1842 1323 1906 in
1358 1840 1633 1920 musculis
1676 1837 1989 1919 convulfis.
2142 1843 2201 1906 ui
2238 1840 2598 1907 difficultati
2632 1860 2829 1925 patet
2856 1839 3118 1926 responsio
3137 1857 3190 1902 ex

700 1865 986 2009 Fuperius
1016 1923 1200 1989 dictis
1234 1969 1253 2000 ,
1300 1922 1407 1986 ubi
1442 1914 1766 1990 ostensum
1812 1921 1958 1999 est,
1989 1923 2168 2002 quod
2201 1941 2332 1987 non
2364 1924 2645 2007 exigitur
2678 1925 3002 1990 abundans
3035 1917 3200 2003 proflu-

703 2008 881 2071 vium
892 2007 1069 2088 succi
1083 2001 1400 2088 sp.'rituofi
1426 2004 1463 2069 'e
1494 2008 1703 2066 nervis
1736 1998 1847 2066 sed
1877 1999 2108 2080 sufficit
2152 2005 2556 2068 minimarum
2604 2008 2993 2087 guttularum
3027 1997 3101 2066 dis
3142 2017 3195 2089 ¹3·-

700 2085 895 2165 sati0‚
940 2082 1342 2179 quales-»sunt
1371 2082 1705 2168 particulae
1738 2079 2031 2149 odorosae
2060 2084 2303 2166 zibeti,
2352 2085 2459 2152 vel
2487 2085 2868 2154 catharticae
2894 2133 2919 2168 ,
2946 2093 3067 2168 'quae
3126 2096 3194 2142 u*

708 2186 808 2238 tro
841 2168 1180 2235 antimonu
1224 2167 1291 2233 in
1321 2169 1474 2236 vino
1507 2161 1991 2234 diffunduntur..

1506 2362 2065 2458 CAPUT
2176 2364 2469 2466 XXI..
2574 2469 2590 2484 .

1424 2583 1552 2666 De
1609 2575 2046 2668 Tremore
2099 2585 2569 2668 animaliumi

857 2836 920 2898 G
940 2830 1140 2896 1MU
1158 2830 1198 2892 s
1255 2803 1340 2891 i'n
1398 2831 1712 2918 genere
1793 2803 1904 2893 d'e
1963 2816 2299 2895 tremore
2351 2830 2756 2924 corporum
2811 2808 2996 2894 libro
3043 2801 3107 2888 de
3139 2789 3200 2877 vt*

897 2920 1379 3037 percuffionis
1433 2921 1471 3023 (
1490 2924 1650 3026 α>»,·
1707 2916 1976 3004 modo
2030 2922 2354 3032 exponi
2415 2921 2738 3012 debent
2773 2919 2998 3031 causae
3025 2917 3194 3036 &1114

701 3041 797 3124 di·
817 3036 1222 3121 mechanici
1249 3089 1276 3132 ,
1332 3028 1638 3140 quibus
1669 3029 2155 3118 animalium
2186 3051 2614 3144 tremores,
2656 3060 2842 3127 tum
2860 3032 3197 3148 spontanei,

703 3169 890 3236 tum
925 3146 1449 3232 involuntarii
1485 3144 1567 3230 &
1598 3147 2022 3258 convulstvi
2058 3141 2302 3238 fiunt..

1175 3380 2208 3478 PRoposrTIO
2323 3386 2814 3490 CCXIV.

829 3597 1241 3710 Quomodo
1267 3594 1724 3689 voluntarii
1780 3616 2197 3693 tremores
2236 3606 2452 3713 fiant
2507 3613 2589 3693 in
2647 3591 3132 3695 animalibus}

1804 3734 2219 3828 exponere..

776 3932 945 4002 Cum
979 3947 1197 4001 tremor
1226 3938 1321 4004 nil
1352 3937 1524 4004 aliud
1556 3936 1669 4021 fit,
1719 3957 1911 4025 quam
1925 3937 2253 4025 succqffiva
2282 3940 2356 4014 ὅθ
2366 3943 2665 4026 frequens
2705 3938 2938 4030 “gnam
2961 3920 3190 4080 “d'pgffl

818 4156 823 4160 .
900 4096 1016 4182 (a)
1061 4101 1222 4189 Cap.
1267 4121 1378 4186 30.
