3419 4538
582 212 701 278 168
948 200 1108 268 CAe.
1159 186 1277 266 IX.
1324 197 1450 266 DE
1496 196 1983 269 SANGUINIS
2025 197 2828 274 EXPURGATIONE'

586 376 658 424 re
678 403 699 436 ,
746 370 880 418 non
910 366 1077 413 vero
1109 353 1299 415 ae'rem
1334 367 1445 415 aut
1472 355 1869 433 mercurium3
1913 354 1973 420 ὅτ
2002 374 2121 440 per
2150 353 2399 436 vesicam
2439 354 2710 438 pelleum
2759 369 2996 437 aquam
3041 346 3104 412 ὅ(
3131 346 3225 429 by-

589 443 960 520 drargyrum
993 449 1332 525 permeare
1359 480 1381 514 ,
1428 452 1561 498 non
1597 453 1756 498 vero
1802 438 1989 501 aerem
2023 459 2043 517 ;
2099 440 2158 504 &
2187 456 2306 521 per
2338 441 2478 501 auri
2500 447 2699 519 poros
2733 430 3223 520 hydrargyrum&

598 538 732 585 non
768 534 988 609 aquam.
1010 512 1350 594 insinuar13
1397 515 1458 580 δι
1486 517 1550 580 in
1579 520 1820 580 renibus
1854 535 1970 599 pei·
1988 516 2227 602 fistulas
2255 519 2525 600 urinosas
2553 535 2749 599 aquae
2768 513 3080 609 strofitas
3109 506 3227 600 abs·

597 619 724 684 que
753 597 1072 687 sangume-
1106 611 1409 680 penetrat
1434 643 1455 676 ,
1505 616 1652 661 cum
1700 598 1765 660 in
1795 607 1968 663 venis
1997 620 2193 684 purus
2226 670 2237 683 ,
2270 601 2488 687 ‘anguis
2530 598 2972 680 excipiatur.
3066 590 3227 679 quc

598 678 1000 747 concludere
1032 676 1226 755 licet,
1271 677 1647 742 necessitate
1679 680 2058 746 mechanica
2102 682 2190 747 ob
2279 682 2606 746 rueturam
2650 678 3053 760 orificiorum
3078 679 3224 752 vaje-

599 783 774 841 rum,
821 758 916 850 ad·
936 755 1129 851 instar
1162 757 1419 839 cribri,
1442 759 1582 824 fieri
1619 759 1842 825 talium
1869 763 2174 841 licet-orum
2201 765 2740 848 heterogeneorum
2751 758 3224 842 separationem:

604 843 785 928 quod
815 855 1137 904 evincitur
1170 858 1252 902 ex
1286 858 1368 903 eo
1454 841 1631 922 quod
1659 840 1861 924 fluida
1907 863 2041 909 non
2091 843 2389 910 constant
2435 863 2516 907 ex
2549 841 2930 924 particulis
2973 831 3223 911 indiviſs-

606 927 857 1002 bilibus,
901 918 1009 984 sed
1042 938 1126 983 ex
1180 934 1361 1004 corpu
1388 921 1539 986 culis
1570 927 1857 1006 quantis,
1894 923 1948 1006 fi
1995 929 2189 992 uraris
2213 927 2281 1017 §t
2310 928 2523 1003 duris,
2567 940 2739 1006 quae
2790 940 2924 1004 per
2963 918 3078 984 sibi
3113 930 3226 997 pro·

406 995 412 1006 ’
487 1060 499 1076 ,
594 1001 1282 1092 portionata'foramina
1351 1003 1736 1069 olummodo
1770 1022 2029 1078 tranire
2075 1007 2374 1090 possunt,
2421 1024 2554 1069 non
2612 1022 2752 1086 per
2810 1022 2934 1095 ea,
2986 1015 3124 1084 quae
3149 994 3219 1059 di·

606 1080 790 1152 versa
837 1082 1039 1166 figura
1085 1098 1398 1148 excavata
1442 1081 1638 1165 sunt3
1744 1105 1895 1152 uare
1939 1089 2102 1153 licet
2147 1089 2236 1152 ob
2273 1086 2382 1152 insi
2434 1104 2582 1150 nem
2627 1085 3010 1148 minutiem
3043 1083 3222 1162 figure

607 1167 1027 1235 meleti-‘larum
1070 1163 1399 1248 fluidorum
1444 1168 1505 1231 dc
1593 1180 1932 1233 oroztatum
1977 1168 2323 1234 invisibiles
2391 1183 2483 1232 int
2606 1183 2754 1229 nec
2808 1161 3220 1247 conspiciatur

595 1251 852 1342 secretio
884 1245 1214 1340 fluidorum
1248 1266 1494 1340 ,·nece
1549 1250 1683 1313 ario
1736 1263 1954 1315 tamen
2000 1249 2441 1316 concedendae
2497 1213 2658 1312 sunt
2696 1293 2721 1326 ‚
2793 1265 2954 1311 cum
2997 1245 3034 1309 ὲ
3075 1243 3112 1309 fi
3188 1260 3220 1304 0

613 1327 1088 1397 evidentissimo
1110 1375 1130 1406 ,
1178 1322 1423 1393 scilicet
1459 1328 1539 1393 ab
1569 1330 1779 1414 effestu
1796 1334 2234 1415 penetrationis
2271 1332 2402 1415 jam
2435 1329 2627 1395 diuae
2649 1375 2677 1410 ‚
2735 1346 2977 1393 earum
3006 1329 3102 1392 exi
3145 1343 3216 1388 en·

618 1417 710 1478 tia
752 1407 899 1474 satis
926 1407 1117 1491 super
1164 1427 1264 1473 uei
1291 1410 1646 1478 evincatur.
2298 1480 2307 1488 ‚

697 1493 829 1587 Sed
857 1488 1079 1555 instat:
1202 1503 1391 1554 aturae
1420 1496 1702 1574 operandi
1744 1491 2045 1580 industria
2070 1492 2508 1579 foecundiffima
2534 1488 2622 1576 esb
2647 1541 2674 1576 ,
2727 1492 2999 1580 ejusdem
3041 1493 3217 1576 ignote

617 1584 1006 1658 repertantur
1044 1573 1366 1651 machinae,
1410 1595 1558 1657 quas
1601 1596 1705 1639 nec
1735 1589 1925 1642 mente
1954 1576 2172 1662 affeqm·
2216 1579 2374 1642 licet.
3172 1625 3175 1638 ,

700 1656 785 1720 Et
815 1650 1546 1746 profestolverissimum
1580 1655 1715 1738 est,
1762 1659 2059 1740 ignorare
2104 1677 2223 1722 nos
2257 1661 2631 1722 innumeras
2672 1656 2969 1723 Naturae
3010 1648 3211 1736 sapien·

620 1737 867 1802 tisiimae
903 1749 1364 1827 operationes,
1413 1757 1568 1819 quas
1614 1739 1982 1803 reconditas
2014 1737 2140 1802 esse
2174 1739 2387 1803 voluit
2419 1762 2435 1803 ε
2482 1755 2546 1803 at
2580 1758 2753 1821 eaS‚
2810 1757 2969 1823 quas
3005 1736 3065 1801 in
3091 1748 3204 1815 pro·

622 1816 853 1904 patulo
893 1812 1145 1900 posuit,
1195 1832 1444 1881 tantum
1488 1817 1706 1899 ab'est,
1753 1835 1826 1883 ut
1869 1819 2340 1902 multiplicibus
2371 1821 2432 1884 ὅ(
2469 1822 2671 1888 variis
2711 1811 3206 1887 machinamentis

623 1900 1017 1966 delestetur:
1059 1898 1240 1991 ⁸quod
1271 1899 1307 1962 e
1350 1917 1580 1964 contra
1622 1898 2086 1983 simplicissimis
2121 1947 2140 1980 ,
2186 1900 2514 1967 facillimis
2546 1903 2609 1968 δε
2642 1900 3077 1987 singularibus
3097 1908 3203 1958 mo·

627 1984 726 2046 dis
758 1982 818 2044 ὅ(
849 1999 925 2044 or
974 1999 1107 2043 anis
1138 1996 1468 2062 operetur.
1561 1980 1779 2045 Unico
1826 1982 1997 2046 enim
2031 1984 2233 2065 modp
2280 1982 2530 2066 plantas
2561 2003 2652 2047 ve
2710 2000 2905 2050 etare
2935 1979 3199 2048 videmus,

628 2081 889 2155 rie-mpe-
935 2069 1168 2154 uccum
1203 2062 1585 2127 nutritivum
1620 2080 1739 2155 per
1769 2063 2018 2128 radices
2053 2063 2088 2128 ὲ
2134 2076 2305 2129 tei-ra
2339 2060 2618 2148 exsugen
2681 2086 2767 2131 o:
2820 2064 3017 2129 unico
3042 2053 3196 2137 modo

632 2144 934 2211 animalia
972 2160 1260 2223 nutrire,
1305 2161 1425 2227 per
1469 2165 1528 2207 os
1561 2143 1870 2210 alimenta
1902 2146 1963 2210 in
2014 2147 2258 2211 erendo
2290 2193 2309 2226 ,
2353 2144 2413 2210 Gt
2458 2165 2578 2229 per
2606 2145 3028 2211 ventriculum
3053 2138 3191 2203 &in-

633 2223 851 2311 testina
896 2224 1277 2309 digerendo,
1361 2223 1636 2291 Nullum
1684 2228 1918 2294 animal
1984 2247 2091 2294 ine
2134 2231 2301 2293 corde
2352 2227 2552 2292 vitam
2596 2228 2865 2294 ducere
2912 2223 3191 2290 videmus:

635 2309 885 2375 nullum
921 2324 1173 2372 motum
1217 2308 1497 2373 localem
1548 2306 1787 2393 absque
1811 2309 1991 2391 fibris
2024 2310 2085 2375 &
2128 2308 2406 2394 musculis
2451 2312 2763 2375 exerceri
2800 2332 2822 2389 ;
2872 2322 2946 2372 ut
2978 2295 3186 2388 proinde

632 2411 771 2457 non
802 2389 1194 2455 varietate&
1225 2390 1714 2472 multiplicitate
1747 2406 2139 2484 organorum
2161 2439 2188 2468 ,
2226 2390 2336 2457 sed
2366 2390 2563 2455 unico
2599 2406 2866 2456 tantum
2903 2376 3184 2468 artificio&

634 2471 1091 2556 simplicissima
1137 2473 1437 2536 machina
1466 2520 1488 2552 ,
1534 2487 1606 2536 ut
1636 2486 1920 2536 materiae
1966 2473 2304 2539 neceffitas
2345 2472 2552 2555 exigit
2667 2470 2939 2556 semper
2964 2460 3185 2551 consitiu-

642 2557 739 2621 les
783 2554 1204 2638 operationes
1257 2551 1656 2636 exsequatur.
1741 2554 1804 2617 Si
1842 2554 2035 2647 igitur
2081 2553 2490 2619 consuetudo
2536 2520 2830 2619 biaturae
2875 2540 3192 2632 invariabilis

646 2635 779 2715 est,
815 2634 1153 2716 operando
1188 2630 1438 2717 semper
1470 2632 1972 2717 simplicissimis,
2006 2633 2484 2719 compendiosis
2514 2636 2575 2701 Gt
2607 2633 2989 2701 necessariis
3007 2622 3193 2712 modis,

645 2718 711 2782 ὅ(
756 2715 1016 2782 aliunde
1068 2715 1445 2778 necestitate
1491 2714 2026 2799 configurationis
2073 2736 2190 2801 per
2232 2717 2745 2800 proportionata
2789 2717 2853 2781 ὅ(
2899 2704 3195 2778 conformia

635 2801 952 2883 foramina
992 2796 1278 2887 molem-ke
1298 2794 1630 2878 fluidorum
1670 2815 2016 2878 penetrare
2061 2796 2354 2891 possunt,
2401 2798 2462 2863 Gt
2509 2797 2965 2865 excluduntur
3004 2787 3071 2854 ab
3096 2780 3193 2849 affi-

654 2879 919 2957 metriS,
967 2895 1115 2968 cum
1162 2875 1499 2939 videamus
1511 2876 1735 3018 Cserum
1776 2897 2025 2960 aqueum
2068 2897 2133 2943 in
2163 2874 2390 2973 fistulis
2424 2879 2684 2960 urinosis
2719 2877 2971 2959 excipi,
3012 2870 3066 2936 dc
3083 2864 3194 2950 spn-

652 2969 898 3047 guinem
929 2957 1008 3021 ab
1043 2952 1281 3047 eisdem
1313 2956 1505 3018 exclu
1555 2956 1612 3034 i,
1654 2953 2000 3022 fatendum
2025 2959 2154 3040 est,
2195 2977 2378 3042 Juxta
2407 2959 2576 3031 hanc
2606 2964 2876 3030 unicam
2907 2958 3096 3039 legem
3119 2960 3199 3010 ne·

666 3038 970 3106 ceffitatis
1000 3033 1592 3118 operariNaturam
1640 3036 1704 3098 in
1740 3040 2003 3106 renibus.

748 3121 900 3185 Nec
931 3117 1144 3196 dicas,
1189 3116 1527 3180 multoties
1554 3114 1825 3184 Naturae
1873 3120 2061 3188 luxus
2093 3143 2156 3190 1n
2200 3124 2464 3192 floribus
2486 3174 2511 3208 ,
2558 3126 2621 3193 ὅ(
2654 3127 2724 3192 in
2766 3118 2994 3210 plantis
3033 3103 3198 3177 obser-

653 3202 845 3280 vari,
891 3216 1039 3293 nam
1075 3193 1208 3292 ipse
1243 3197 1459 3281 potius
1490 3212 1597 3280 es,
1637 3201 1756 3293 ‘qui
1791 3194 2071 3285 falleris,
2094 3194 2226 3271 'aut
2257 3208 2461 3288 ludis,
2508 3227 2592 3272 eo
2623 3201 2807 3294 q'uod
2825 3202 3055 3270 Natura
3079 3188 3196 3279 setp-

720 3302 790 3348 ei·
820 3281 984 3362 serio
1014 3296 1181 3365 agit;
1228 3298 1552 3363 nunquam
1586 3282 1943 3367 digreditur
1974 3286 2055 3352 ab
2100 3286 2396 3353 instituto
2428 3307 2688 3373 operae,
2732 3287 2977 3368 semper
3005 3277 3193 3341 brem·

668 3304 891 3433 {mam
923 3411 944 3444 ,
987 3361 1658 3456 ‘simplicissimamque
1704 3368 2156 3457 operationem
2209 3366 2602 3456 exsequitur.
2691 3371 2778 3437 Et
2822 3365 2866 3432 si
2912 3348 3191 3450 aliquando

673 3449 901 3513 ludere
936 3445 1236 3525 Videtur,
1279 3441 1621 3509 consuetas
1651 3446 1937 3511 auiones
1980 3452 2447 3533 relinquendO,
2494 3454 2682 3519 haeci
2734 3447 2796 3517 sa
2825 3447 3071 3510 variatio
3094 3444 3186 3517 org-

678 3544 784 3597 tur
815 3546 899 3590 ex
930 3524 1429 3609 superveniente
1463 3543 1632 3590 nova
1666 3530 2039 3596 neceffitate
2084 3534 2437 3607 materiali,
2487 3536 2590 3599 cui
2634 3554 2676 3598 ο
2765 3520 3053 3597 diversam
3083 3523 3184 3600 ⁸eiti-

729 3608 966 3672 entiam
1000 3622 1259 3671 tenetur
1276 3604 1531 3673 Natura
1550 3608 2040 3701 obtemperare.
2091 3612 2552 3705 Quapropter,
2589 3614 2898 3681 Naturam
2926 3601 3176 3679 nunqfflffl

710 3704 921 3774 ponte
967 3688 1229 3768 ludere,
1276 3707 1400 3752 nec
1430 3689 1850 3757 varietatibus
1884 3694 2227 3774 delectari,
2275 3695 2610 3763 fatendum
2658 3693 2771 3762 est.
3147 3745 3157 3758 .

648 3820 653 3823 v
772 3770 870 3865 Ex
903 3769 1000 3834 his
1041 3770 1339 3863 omnibus
1372 3770 1686 3853 colligere
1729 3771 1923 3855 licet,
1969 3775 2183 3861 quod,
2230 3775 2737 3864 quotiescunque
2770 3764 3068 3843 necessitas
3098 3746 3176 3813 ‘ih‘

683 3870 867 3935 cujus
900 3867 1298 3934 operationis
1344 3853 1736 3934 percipitur,
1794 3855 1882 3919 ita
1913 3872 1984 3920 ut
2017 3857 2105 3920 ob
2152 3860 2549 3925 materialem
2581 3862 2642 3927 Gt
2671 3848 3065 3924 mechanicam
3094 3843 3169 3893 sse·

685 3934 1034 4007 cessitatem
1072 3933 1437 4026 non-possit
1482 3934 1666 3998 aliter
1709 3932 1776 3997 se
1824 3935 2063 4002 habere
2092 3985 2112 4018 ,
2173 3954 2330 4005 tunc
2376 3938 2713 4009 fatendum
2744 3934 2831 4001 est
2855 3980 2876 4014 ,
2931 3921 3176 3992 Naturam

681 4015 915 4099 procul
963 4014 1163 4118 dubio
1205 4030 1394 4094 Juxta
1438 4032 1547 4082 eas
1592 4014 1771 4101 leges
1813 4018 2213 4087 neceffitatis.
2258 4023 2536 4108 operari.
2601 4022 2707 4092 ‘Et
2745 4018 2778 4085 ὲ
2829 4005 3064 4079 contras
3107 3992 3164 4049 ⁶⁰

3043 4065 3166 4155 ipso,

664 3616 675 3629 Ι
