3419 4538
930 275 2137 382 ANIMUALIUKM.
2699 261 2831 369 23?

198 430 359 500 sent
389 431 429 500 ’ἔ
474 428 695 522 Quare
739 427 1238 498 consentaneum
1288 432 1551 497 videtur*
1658 442 1733 494 ut
1771 429 1898 496 illae
1938 430 2169 514 amplae
2211 430 2274 499 ἀ
2318 427 2598 516 copiosae
2645 434 2819 498 hiru-

205 519 391 581 dines
420 513 641 596 venefie
671 531 753 576 ex
787 513 1095 578 duodeno
1130 515 1190 579 &
1209 508 1425 599 jejuno'
1454 477 1766 595 exffigant
1795 511 2078 595 aliquem
2111 515 2305 579 aliurn
2320 513 2571 598 succum
2597 562 2620 597 ‚
2655 533 2818 601 prae-

200 611 318 744 {ffi-
347 596 468 679 san
512 598 711 659 uinem
755 594 818 659 &
857 595 1026 659 bilem
1055 641 1078 675 ,
1141 595 1249 679 qui
1302 594 1585 660 diversus
1633 591 1762 658 effe
1809 611 1942 659 non
1992 595 2211 677 potest
2255 595 2294 661 a
2345 599 2512 683 cbylo
2540 644 2564 680 ,
2623 596 2818 662 valde

262 679 274 690 ’
312 695 431 741 uto
612 688 733 739 otu.
1945 727 1946 732 ,

166 799 179 817 .
303 757 442 824 Hae
486 688 775 823 ratliones
822 744 1097 820 suadere
1127 755 1430 822 videntur
1461 802 1485 838 ,
1554 753 1831 839 aliquam
1880 756 2038 839 chyli
2084 759 2459 841 portionem
2504 762 2583 827 ad
2626 764 2808 844 hepar

202 840 507 918 traduci,
552 855 690 902 non
726 838 985 920 quidem
1018 851 1090 901 ut
1122 837 1363 903 ibidem
1390 837 1821 925 sanguificatio
1852 836 2260 920 perficiatur,
2303 839 2411 906 sed
2453 838 2808 909 solummo-

205 925 348 1001 do,
394 936 466 986 ut
509 917 768 985 mistura
797 938 880 983 ex
919 919 1080 1011 thyio
1111 920 1172 985 ὅ(
1195 921 1502 1065 Ῑανέῗαὶηε
1540 918 1959 1002 purificetur,
2005 919 2065 984 ὅ(
2115 919 2426 987 liberetur
2470 924 2552 989 ab
2596 924 2803 1007 inqui·
2842 974 2845 977 -

203 1017 529 1069 namento
572 1000 709 1063 bilis
735 1045 760 1079 ‚
806 1001 869 1065 &
913 999 1225 1082 deinceps
1257 1022 1290 1065 a
1366 1020 1461 1063 cor
1496 999 1834 1064 deferatur
1869 1044 1891 1079 ‚
1951 1018 2100 1066 cum
2145 1001 2401 1068 interim
2446 1006 2656 1088 aliqua
2699 1007 2807 1071 via

206 1084 472 1167 reliqua
517 1083 674 1164 chyli
713 1081 934 1163 portio
964 1127 987 1160 ,
1047 1081 1358 1164 depurata
1420 1099 1540 1163 per
1584 1079 1733 1162 vasa
1779 1079 2152 1164 Peqnetiana
2196 1083 2276 1148 ad
2320 1104 2571 1166 cavam,
2614 1088 2676 1152 &
2720 1087 2816 1151 ad

199 1185 354 1244 cor,
401 1162 657 1229 fontem
680 1162 1009 1247 sanguinis
1055 1164 1466 1245 perducatur.
1558 1160 1720 1226 Non
1766 1164 1941 1227 enim
1988 1158 2346 1245 insuetum,
2393 1183 2501 1230 aut
2531 1167 2802 1233 difficile

199 1244 490 1318 videtur
516 1261 635 1327 per
678 1243 834 1307 duas
865 1244 1000 1307 vias
1045 1262 1244 1327 aequae
1291 1242 1674 1309 commodas
1706 1242 1946 1324 chylum
1988 1244 2069 1308 ad
2097 1264 2195 1309 cor
2242 1245 2596 1313 transferri.

292 1322 454 1391 Nec
483 1326 853 1410 rubicundus
883 1324 1036 1388 color
1065 1325 1521 1408 mesaraicarnm
1552 1322 1707 1388 mihi
1741 1325 2080 1406 negotium
2112 1322 2394 1393 facessit:
2415 1330 2570 1394 novi
2602 1333 2805 1413 enim,

203 1406 531 1474 facillime
576 1405 836 1469 colores
882 1405 1257 1485 immutari3
1314 1406 1377 1472 ἀ
1417 1406 1571 1471 ideo
1627 1407 1788 1488 chyli
1813 1409 2065 1487 saccum
2109 1407 2496 1476 alteratione
2542 1409 2805 1479 structu-

208 1508 305 1555 rae
350 1487 527 1569 ejus,
572 1487 684 1552 vel
713 1486 973 1553 alterius
1004 1488 1099 1552 rei
1144 1485 1404 1553 mistura
1431 1535 1461 1569 5
1510 1484 1730 1564 facile*
1755 1486 1915 1569 tingi
1952 1485 2134 1571 poss'e
2174 1489 2541 1557 rubicundo
2573 1496 2804 1562 colore

206 1584 402 1653 put0.

293 1648 532 1716 Postea
561 1647 625 1713 in
657 1650 863 1729 corde,
898 1649 1310 1731 pulmonibus,
1357 1647 1685 1745 visceribus
1716 1695 1737 1729 ‚
1785 1649 1940 1715 &in
1971 1648 2218 1716 ambitu
2266 1656 2561 1739 corporis
2602 1658 2800 1741 pluri·

206 1732 334 1797 bus
364 1731 918 1796 elaborationibus
966 1731 1173 1813 chylus
1198 1732 1601 1815 sanguineam
1643 1727 2071 1815 confistentiam
2100 1735 2163 1799 &
2182 1734 2453 1817 formam
2500 1739 2795 1823 acquirit.

207 1812 320 1881 Ex
364 1832 496 1898 quo
528 1810 791 1878 tandem
821 1823 1295 1895 partesomnes
1323 1812 1717 1878 nutriuntur.

789 1989 1857 2120 PRo‘P‘osvr-ro
2004 2029 2229 2136 CC.

285 2251 793 2369 Sanguinem
828 2319 857 2360 ‚
918 2288 1076 2347 una
1130 2287 1293 2344 cum
1350 2251 1597 2369 succo
1658 2283 1987 2347 nerveo
2018 2318 2045 2361 ,
2118 2257 2254 2369 effe
2309 2257 2751 2348 materiam

615 2386 1188 2475 immediatam
1215 2452 1242 2495 ,
1300 2417 1456 2504 qua
1489 2391 1865 2478 animalia
1919 2399 2415 2477 nutriuntur.
2516 2436 2522 2441 ·
2851 2384 2860 2391 '

298 2609 496 2704 Quod
519 2611 850 2695 sanguinis
859 2608 1208 2695 sn'bllantia
1235 2607 1312 2678 fit
1345 2629 1498 2674 vera
1523 2613 1585 2679 &
1614 2612 1945 2697 praecipua
1971 2614 2265 2693 materia,
2297 2629 2383 2677 ex
2412 2630 2539 2706 qua
2569 2631 2810 2680 omnes

211 2704 421 2777 partes
467 2692 757 2758 animalis
803 2695 1225 2772 nutriuntur,
1291 2692 1552 2760 videtur
1594 2695 1814 2777 negari
1875 2713 2002 2760 non
2052 2692 2229 2777 poll‘e
2267 2741 2290 2774 ,
2351 2712 2500 2778 qula
2541 2696 2621 2777 sa
2704 2699 2807 2760 uis

218 2778 647 2866 componitur
693 2776 1003 2856 exsuctis
1031 2772 1363 2839 fimillimis
1396 2775 1524 2851 εἰς,
1571 2776 1778 2857 quiin
1825 2781 1956 2840 ovis
2001 2776 2301 2859 pulillum
2351 2776 2672 2840 animalcu
2696 2796 2809 2843 um
2864 2817 2870 2820 >

216 2870 553 2934 nutriunt,
597 2856 659 2921 ὅ(
685 2854 972 2921 citiffime
1006 2872 1245 2940 augent
1270 2854 1332 2920 ὅ(
1360 2855 1729 2936 perficiunt.
1813 2855 2041 2922 Habet
2071 2859 2178 2941 qui
2228 2875 2311 2940 pe
2326 2857 2588 2941 sanguis
2623 2855 2808 2942 suum

216 2937 527 3015 albumen,
617 2937 747 3001 uod
791 2934 1160 3020 consistentia
1190 2983 1210 3014 ‚
1249 2936 1501 3019 sapore,
1558 2937 1781 3018 colore,
1826 2940 2175 3023 cancri-stibi
2204 2941 2353 3003 itate
2399 2937 2463 3002 in
2497 2939 2646 3022 igne
2671 2940 2814 3018 ’,Ἓξ

215 3021 536 3082 nutritiva
560 2955 663 3095 scith
687 3015 893 3082 tantia*
920 3013 1272 3101 respondet
1300 3018 1589 3083 albumini
1633 3023 1755 3084 ovi.
1843 3019 2070 3085 Habet
2101 3017 2357 3103 insuper
2367 3018 2630 3104 sanguis
2669 3021 2809 3105 glu-

215 3095 491 3164 tinosam
526 3096 638 3163 sub
668 3099 937 3165 tantiam
970 3100 1237 3164 similem
1265 3103 1495 3164 cerebro
1522 3102 1849 3178 &nervis‚
1872 3121 2011 3186 quae
2046 3103 2109 3166 in
2145 3104 2481 3166 rubicunda
2510 3103 2646 3183 ejus
2669 3116 2815 3184 par-

219 3191 278 3245 te
308 3180 552 3245 crebris
584 3181 1024 3246 ablutionibus
1054 3182 1208 3245 dete
1255 3185 1419 3259 itur,
1466 3198 1781 3247 concreta
1810 3183 1874 3246 in
1904 3181 2096 3264 fibras
2119 3184 2179 3248 ὅ(
2207 3185 2639 3248 membranulas
2668 3202 2820 3249 can·

217 3260 420 3326 didas,
509 3261 806 3346 Cumque
851 3264 1012 3328 tales
1056 3281 1229 3344 praec
1258 3281 1380 3325 arae
1424 3260 1785 3328 substantiae
1832 3264 2251 3329 immutentur
2281 3263 2361 3328 ad
2405 3282 2638 3329 omnes
2671 3277 2820 3347 par·

226 3356 314 3405 tes
359 3344 644 3409 animalis
675 3391 696 3424 ,
745 3339 1006 3427 ejusque
1040 3342 1362 3422 recell'u33
1407 3343 1468 3408 &
1501 3340 1759 3427 insuper
1791 3344 2167 3423 videamuS,
2214 3345 2388 3427 quod
2424 3362 2654 3409 omnes
2685 3345 2818 3409 illae

207 3435 423 3508 partes
465 3423 502 3490 a
527 3425 836 3510 sanguine
878 3426 1221 3509 irrigantur
1251 3471 1273 3504 ,
1336 3424 1397 3489 &
1437 3444 1665 3491 contra
1707 3444 1936 3490 omnes
1971 3426 2108 3490 'illae
2140 3472 2159 3502 ‚
2206 3443 2347 3508 quae
2379 3423 2655 3489 arefiunt
2683 3471 2705 3504 ,
2752 3425 2822 3490 δι

219 3523 521 3570 marcore
567 3504 1004 3572 conficiuntur
1033 3553 1056 3587 ,
1113 3505 1552 3571 destituuntur
1605 3506 1645 3572 a
1682 3508 1804 3589 san
1851 3510 2010 3572 uine.
2099 3506 2277 3589 Ergo
2335 3518 2447 3570 aut
2477 3506 2825 3593 sanguinis

216 3583 569 3653 substantia
612 3585 826 3653 reficit
877 3600 1088 3671 partes
1131 3588 1500 3671 deperditas
1531 3635 1554 3668 ‚
1613 3605 1725 3653 aut
1771 3609 1808 3653 a
1891 3607 1977 3652 eo
2008 3634 2033 3667 ,
2092 3603 2394 3672 tanquam
2438 3586 2748 3653 vehiculo
2795 3634 2821 3670 ,

219 3664 440 3732 fertur
482 3673 939 3735 nutrimentum.
1026 3669 1337 3753 Cumque
1349 3669 1472 3763 san
1518 3673 1613 3734 uis
1657 3671 1720 3735 in
1767 3665 2009 3754 seipso
2039 3670 2375 3735 contineat
2407 3681 2620 3752 partes
2648 3671 2821 3755 opti-f

218 3768 347 3823 11¹ae
380 3744 784 3829 substantiae,
827 3769 952 3815 nec
983 3751 1125 3817 aliae
1169 3751 1233 3816 in
1262 3769 1471 3815 anima
1500 3752 1517 3815 i
1558 3751 2003 3837 reperirentur
2030 3800 2053 3833 ,
2144 3770 2240 3816 uae
2273 3748 2381 3816 sua
2413 3752 2604 3835 copia
2633 3769 2828 3834 repa·

217 3849 369 3896 rare
403 3830 665 3913 poffent
689 3848 819 3896 tam
855 3833 1162 3924 grandem
1209 3828 1798 3917 consumptionem.
1878 3834 2082 3919 Igitur
2182 3833 2493 3918 sangnine
2521 3827 2658 3917 ipso
2692 3833 2826 3898 ani·

216 3911 411 3979 malis
448 3925 663 3995 partes
700 3928 1092 3978 nutriuntur.

316 3992 571 4059 Contra
612 3995 780 4059 hanc
812 3992 1223 4061 affertionem
1283 3993 1501 4061 afferri
1548 3993 1807 4079 poffunt
1847 3997 1993 4062 duae
2036 3995 2471 4062 difficultates.
2558 3992 2779 4059 Primo
2811 4041 2834 4075 ,

222 4073 413 4162 quod
459 4073 529 4143 in
564 4075 947 4163 animalibus
973 4077 1148 4160 fame
1179 4077 1424 4144 enectis
1467 4078 1721 4161 integra
1763 4080 1936 4145 moles
1966 4077 2518 4164 maffaesanguineoe
2548 4069 2840 4142 consumi

1497 4157 1717 4246 (Gg)
1761 4180 1804 4247 3
2444 4240 2449 4257 Ι
2511 4154 2830 4237 deberet,
2953 4237 2959 4245 ι
