3419 4538
1016 206 2048 281 PRIMARIO.
2722 226 2848 299 ιφ

118 437 137 448 ,
200 374 337 442 «dis
359 358 845 452 cmpreffiwm,
889 363 1047 430 dum
1088 375 1485 441 moventur,
1528 360 1643 442 fit,
1685 376 1759 426 ut
1799 362 1994 426 cordis
2017 355 2265 440 finilier
2304 360 2688 426 ventriculus
2728 381 2839 427 va·

202 472 395 520 aeuus
424 464 793 525 remaneat,
838 448 903 516 ὅ(
943 449 1157 511 dexter
1200 464 1327 510 una
1374 462 1523 509 cum
1567 447 1799 508 arteria
1825 442 2154 525 pulmonali
2182 440 2487 527 sanguine
2514 440 2835 527 superflue

214 534 646 615 aepleantur,
667 529 731 594 &
762 528 850 593 ob
869 527 1259 611 turgentiam
1287 529 1483 591 cordis
1499 522 1671 607 fibra
1700 524 1892 588 nimis
1924 522 2350 588 distrahantur
2368 572 2389 603 ,
2409 525 2470 590 ὅ(
2498 523 2644 589 fere
2663 527 2833 590 rum-4

152 653 165 656 -
218 629 494 701 pantur.
578 610 770 675 Unde
798 604 1085 693 sequitur
1105 603 1283 691 paffio
1310 603 1934 692 dolorificatangorin
1981 605 2086 669 cui
2133 604 2324 670 aliter
2367 602 2656 671 succurri
2698 623 2837 670 non

212 692 486 782 potest,
530 703 960 777 praeterquam
998 708 1126 836 Per
1169 687 1617 772 respirationem
1640 733 1671 769 ‚
1715 684 2179 770 promovendo
2222 704 2462 773 nempe
2508 684 2834 767 tranfitum

193 778 274 864 s
382 778 548 840 uinis
577 790 699 855 per
726 772 993 836 canalio-u
1020 789 1084 854 os
1106 770 1425 853 pulmonis.
1986 849 1992 856 .
2152 843 2155 848 ,

382 858 487 921 uia
516 872 682 918 vero
708 850 1006 919 tranfitus
1032 852 1095 917 ὅ(
1124 850 1455 915 elutriatio
1468 848 1800 947 sanguinis
1841 868 1963 934 per
1988 847 2413 916 subtiliffimas
2431 845 2672 947 fistulas
2694 850 2832 935 pul·

220 959 426 1005 moms
455 934 626 1002 effici
672 951 807 999 non
836 928 1055 1017 potest
1082 931 1122 998 a
1152 928 1289 997 sola
1318 929 1707 1014 irffpiratione
1726 977 1749 1012 ,
1792 950 1919 997 nec
1947 932 1986 998 a
2014 928 2146 996 sola
2192 931 2595 1016 exspiratum
2632 935 2836 1016 ai'ris,

214 1017 344 1086 sed
373 1020 411 1086 a
441 1014 870 1084 viciffitudine
900 1015 1270 1093 ambarum,
1313 1029 1556 1096 nempe
1597 1012 1635 1077 a
1677 1010 1974 1096 costarum
2012 1024 2416 1080 momentanea
2460 1010 2777 1093 refilitione
2805 1061 2831 1096 ,

208 1119 375 1186 quae
407 1097 793 1182 inspirationi
821 1087 1222 1178 subsequitur
1248 1140 1272 1174 ,
1315 1094 1376 1160 ὅ(
1417 1095 1734 1177 praecedit
1776 1092 2242 1176 exspirationem
2269 1140 2292 1175 ,
2338 1094 2491 1160 hinc
2547 1093 2661 1174 fit,
2705 1111 2780 1161 ut
2810 1143 2835 1174 ,

275 1182 492 1247 uotiea
514 1179 819 1262 pulmones
863 1175 1113 1241 affiduis
1155 1174 1217 1241 &
1261 1173 1719 1263 frequentibus
1766 1173 2193 1240 effusronibus
2237 1173 2428 1241 valde
2480 1192 2841 1261 gravantur

250 1265 555 1357 anguine,
601 1257 937 1344 indigeant
963 1274 1225 1341 quoque
1251 1253 1709 1338 frequentibus
1746 1255 2371 1321 exonerationibus:
2432 1257 2495 1323 &
2537 1258 2690 1322 ideo
2737 1276 2835 1323 re-

275 1336 967 1425 uiranturfrequentes
995 1335 1458 1404 viciffitudines
1488 1336 1905 1423 inspirationis
1937 1338 2000 1405 ἀ
2028 1337 2489 1421 exspirationi53
2521 1338 2586 1405 δι
2613 1342 2831 1425 proin·

216 1362 321 1491 ἓε
362 1424 626 1505 anheloJa
653 1441 721 1487 re
740 1423 968 1515 piratio
1000 1417 1344 1488 efficietur.
2199 1505 2204 1506 γ
2571 1459 2580 1464 -

311 1504 633 1571 Praeterea
674 1523 711 1568 a
740 1521 798 1567 ια
825 1502 908 1570 dc
940 1496 1125 1566 causa
1169 1499 1270 1565 fre
1318 1519 1478 1567 nens
1500 1498 1713 1585 palsas
1741 1503 1938 1567 cordis
1968 1500 2073 1578 exi
2124 1501 2173 1566 ‘t
2197 1498 2620 1586 frequentem
2648 1501 2834 1586 respi-

216 1590 555 1665 rationem,
601 1582 1182 1668 quia,accelerato
1338 1603 1421 1661 a,
1429 1582 1691 1667 sanguis
1726 1583 1809 1648 ad
1837 1582 2032 1649 instar
2111 1583 2343 1649 uminis
2358 1583 2684 1649 velociter
2708 1601 2837 1668 per

210 1688 327 1733 cor
351 1666 603 1746 effluit,
650 1666 714 1732 ἃ.
792 1662 907 1731 nifi
935 1662 1318 1747 frequenter
1343 1665 1502 1729 ai'ris
1532 1663 1869 1748 particular
1900 1661 2460 1752 subministrentur
2499 1682 2618 1749 per
2646 1665 2830 1750 respi-

213 1753 555 1828 rationem,
600 1712 784 1814 crasis
796 1746 1127 1831 sanguinis
1153 1763 1287 1816 non
1318 1748 1444 1811 erit
1474 1742 1859 1826 uniformiS,
1905 1745 2054 1831 quia
2083 1764 2220 1812 non
2248 1743 2832 1813 immiscereturai'r

210 1830 538 1897 omnibus
568 1828 706 1909 ejus
731 1827 1063 1924 partibus,
1108 1826 1173 1893 ἀ
1202 1826 1293 1891 ob
1325 1826 1392 1892 id
1431 1823 1649 1893 forsan
1679 1827 1939 1913 ineptus
1970 1825 2134 1894 effet
2167 1828 2249 1893 ad
2276 1828 2627 1911 ferventem
2668 1850 2833 1895 rare»
2865 1897 2870 1900 ,

192 1911 548 2060 fatigans-em
577 1907 988 2005 efficiendam
1014 1925 1083 1973 m
1112 1907 1436 1994 masculis,
1481 1909 1816 1995 praecipue
1842 1911 1914 1978 in
1943 1924 2120 1978 tanta
2147 1922 2413 1977 motuum
2440 1910 2832 1978 concitatio·

220 2012 318 2061 ne
480 2012 549 2058 re
597 2010 831 2058 uentla.

306 2074 414 2140 Ex
443 2011 674 2158 quissus
703 2072 1001 2138 omnibus
1023 2070 1429 2137 concludere
1460 2072 1621 2140 licet
1638 2120 1662 2154 ,
1754 2069 1887 2141 uod
1904 2123 1928 2155 ,
1947 2075 2104 2140 dum
2134 2074 2384 2157 musculi
2415 2071 2690 2159 laborioso
2711 2095 2834 2140 mo-

216 2167 308 2223 tu
340 2156 664 2239 agitantur
694 2200 716 2235 ,
758 2152 1071 2237 frequens
1106 2152 1418 2236 respiratio
1440 2201 1461 2232 ,
1504 2151 1617 2218 seu
1644 2175 1683 2217 a
1768 2157 1950 2219 clitus
1980 2155 2120 2220 fieri
2169 2155 2427 2220 debeat.

319 2233 525 2328 Quod
549 2232 807 2321 postea,
852 2233 1192 2320 completo
1221 2246 1381 2299 mota
1412 2233 1475 2299 δε
1514 2229 1993 2320 quiescentibus
2041 2235 2359 2322 musculis,
2408 2254 2527 2321 per
2562 2237 2832 2321 aliquod

212 2334 496 2401 tempus
527 2334 913 2401 prorogetur
945 2316 1286 2397 anhelitus,
1329 2315 1591 2381 videtur
1616 2316 1909 2400 pendere
1941 2315 2022 2383 ab
2047 2319 2272 2401 impeta
2302 2318 2564 2401 impreffo
2592 2325 2656 2384 in
2673 2319 2829 2403 fluo-

208 2404 400 2469 ribus
413 2395 761 2483 spirituosss
791 2398 1032 2481 cumsa
1119 2399 1296 2478 aine,
1342 2398 1405 2463 ὅ(
1435 2397 1501 2462 in
1534 2401 1779 2491 organis
1814 2398 1850 2464 a
1880 2398 2219 2465 concitato
2262 2410 2426 2463 motu
2454 2401 2833 2487 praeceden-

208 2483 274 2548 ti
309 2529 332 2562 ,
376 2499 514 2548 non
539 2475 724 2546 secus
754 2499 832 2547 ac
858 2483 928 2549 in
954 2499 1042 2547 un
1113 2499 1143 2545 s
1170 2478 1431 2546 marinis
1461 2472 1673 2564 sopita
1704 2477 2092 2565 tempestate
2123 2480 2513 2564 agitationes
2530 2478 2829 2565 perseve—

302 2641 377 2709 Id
407 2644 424 2657 ⁶
473 2642 608 2711 sum
645 2645 712 2710 in
742 2645 932 2711 nobis
959 2642 1109 2728 ipfis
1135 2642 1548 2728 experimur3
1588 2644 1848 2727 quoties
1876 2642 2050 2710 enim
2092 2660 2334 2728 corpus
2376 2643 2666 2711 nostrum
2693 2667 2834 2713 ver·

216 2727 422 2809 tigino
450 2746 480 2790 ο
511 2738 676 2791 mota
706 2726 879 2791 circa
897 2728 1146 2810 plantas
1164 2728 1339 2809 pedis
1382 2741 1706 2804 rotamus,
1751 2741 1863 2792 aut
1892 2726 1956 2793 in
1995 2725 2143 2790 navi
2171 2724 2211 2791 ὲ
2240 2727 2400 2790 mari
2436 2727 2833 2811 tempestuo·
2867 2743 2880 2756 ‘

215 2801 300 2898 s‘?
347 2807 802 2889 concutimur,
850 2809 1045 2873 etiam
1094 2805 1425 2891 completa
1464 2826 1497 2872 a
1552 2806 1864 2887 itatione,
1908 2804 2393 2889 quiescentibus
2452 2808 2681 2890 nobis,
2723 2829 2837 2895 pa·

211 2896 430 2953 netes
456 2888 764 2954 videntur
791 2888 1088 2968 revolvi,
1130 2889 1192 2954 δε
1220 2906 1338 2953 nos
1368 2889 1511 2953 vaci
1547 2887 1748 2955 lamus
1768 2935 1792 2969 ,
1839 2886 2009 2954 adeo
2038 2903 2257 2954 utnon
2289 2888 2595 2972 possimus
2627 2892 2829 2960 erecti

212 2966 604 3034 confistere.
651 2968 821 3035 Haec
875 2968 1096 3035 omnia
1137 2970 1420 3052 patimur
1463 2968 1691 3049 inviti;
1737 2971 1933 3055 igitur
1979 2966 2237 3034 necess‘e
2280 2968 2413 3051 est,
2458 2986 2531 3035 ut
2588 2972 2831 3058 depen-

132 3076 137 3082 ’
210 3047 427 3115 deant
456 3049 539 3115 ab
582 3054 842 3115 internis
867 3053 1220 3116 motionibus
1228 3049 1607 3136 spirituum,
1650 3052 1761 3135 qui
1791 3051 2007 3133 adhuc
2035 3051 2322 3118 retinent
2353 3053 2686 3138 impreffum
2715 3059 2828 3121 int·

207 3140 428 3213 petum
456 3131 884 3216 praecedentis
912 3142 1127 3197 motas.
2381 3134 2386 3143 '

304 3207 499 3277 Patet
541 3229 701 3296 ergo
732 3208 954 3294 causa,
988 3229 1187 3297 quare
1213 3212 1283 3279 in
1311 3180 1602 3293 laboriofis
1628 3218 1982 3283 motionibus
2009 3215 2403 3302 musculorum
2432 3219 2826 3303 contingant

215 3290 297 3361 δι
323 3284 783 3377 subsequantur
809 3294 1131 3361 anhelitus.
2589 3306 2592 3309 ’

748 3490 1791 3637 Pnopos1r1o
1901 3486 2327 3633 CXXIL

304 3696 558 3797 Ratio
588 3700 948 3822 affertur
968 3764 999 3810 ,
1053 3734 1303 3822 quare
1341 3654 1425 3793 in
1472 3702 1894 3799 laborioso
1933 3708 2046 3816 &³
2080 3702 2397 3800 difficili
2436 3721 2760 3802 conatu

830 3816 1407 3912 musculorum
1440 3819 1768 3937 spiritus
1803 3826 2220 3915 cohibetur.
2247 3862 2255 3870 ·

226 4112 255 4146 ι.
289 4001 739 4100 ΕῑΡεῐίωιιῐ,
778 4014 961 4104 quod
985 4062 1013 4103 ³
1058 4018 1322 4106 quaudo
1340 4012 1912 4188 3⁷⁰”‘}3}J⁰”d“⁰
1934 4011 2376 4106 suspendimus
2401 4060 2428 4099 ,
2446 4024 2558 4085 aut
2588 4007 2852 4183 vingiz:
