3419 4538
996 78 2190 208 INRENIB‘Us.
2630 107 2895 209 &163

614 332 1739 428 ·PR01›os11-10
1858 325 2458 428 CXXXIX.

438 562 758 661 Serum
815 566 867 652 ὰ
920 561 1316 683 sanguine
1373 572 1454 653 in
1504 562 1847 655 renibus
1907 595 2054 655 non
2115 564 2502 683 stparari
2558 583 2723 684 perf⁴

1010 749 1014 753 -
1187 679 1959 773 fermentationem.

372 904 527 975 Post
569 922 719 970 uam
767 899 1033 988 copiose
1068 902 1326 989 egimus
1371 906 1457 972 de
1501 902 1900 991 compositione
1933 905 2265 991 sanguinis
2312 904 2375 971 δε
2422 904 2505 970 de
2535 904 2821 987 artificiis
2849 951 2876 986 ‚

264 990 511 1079 quibus
644 987 748 1051 ida
780 984 1225 1070 heterogenea
1259 988 1342 1052 ab
1387 989 1675 1055 invicem
1705 985 1987 1073 separari
2012 987 2318 1073 poffunt3
2357 987 2487 1068 jam
2527 989 2737 1053 minus
2767 987 2882 1052 du-

270 1075 387 1140 bia
431 1067 749 1136 methodo
780 1084 1118 1151 exponere
1164 1067 1532 1153 pofl'umus,
1579 1089 1705 1156 qua
1736 1087 1873 1136 arte
1906 1070 2287 1137 mechanica
2328 1069 2396 1135 in
2424 1071 2677 1156 renibus,
2695 1088 2885 1154 aquea

255 1151 546 1244 ser-ofitus
588 1149 624 1215 a
649 1151 729 1233 sa
859 1154 955 1214 ine
980 1143 1337 1233 separetur.
2249 1227 2260 1236 ⁷.
2605 1199 2608 1203 Α

264 1253 269 1256 ’
366 1235 457 1302 Et
499 1233 730 1317 primo·
793 1249 1313 1316 upcrvacaneum
1357 1234 1569 1314 duco,
1627 1232 1941 1301 refellere
1973 1234 2372 1320 antiquatam
2402 1233 2577 1301 illam
2611 1235 2885 1318 faculta-

285 1330 409 1383 tem
465 1313 864 1404 accrastivam
894 1360 915 1392 ,
990 1330 1114 1396 qua
1172 1333 1340 1379 renes
1388 1319 1633 1383 virtute
1681 1317 1957 1402 quadam
2003 1317 2211 1381 veluti
2255 1318 2620 1401 magnetica
2663 1317 2884 1384 allice·

281 1418 360 1466 re
402 1396 705 1480 minostcm
762 1396 1058 1459 humorem
1090 1440 1110 1471 ‚
1172 1396 1364 1481 aliqui
1412 1395 1812 1464 somniarunt
1840 1444 1860 1477 ,
1925 1398 2074 1483 quia
2113 1398 2246 1479 Jam
2306 1397 2547 1463 nullam
2603 1397 2886 1466 ostendi·

281 1499 429 1548 mus
482 1466 903 1577 attrcffionem
955 1475 1022 1540 in
1065 1473 1326 1543 Natura
1370 1479 1559 1560 dari,
1618 1498 1760 1566 quae
1818 1480 1950 1561 iam
2005 1476 2150 1544 fere
2195 1479 2276 1546 ab
2311 1478 2615 1545 omnibus
2663 1480 2886 1548 irride-

269 1577 404 1628 tur.
620 1581 623 1586 ’
717 1603 721 1607 »
1620 1585 1625 1590 ·
1737 1623 1740 1628 .

362 1642 794 1715 Verumnon
836 1638 1062 1724 aequali
1110 1636 1293 1706 cursu
1333 1640 1484 1707 αέῖἰο
1510 1643 1961 1726 fermentativa
2004 1639 2260 1727 transigi
2307 1642 2564 1732 debet,
2606 1662 2755 1712 nam
2790 1641 2890 1710 In·

272 1723 492 1811 {ignes
520 1725 583 1790 &
628 1720 1072 1806 „vraeclariffimi
1108 1721 1258 1804 ,Viri
1295 1725 1624 1791 mordicus
1663 1724 1980 1799 sustinent
2020 1771 2042 1805 ,
2106 1745 2224 1789 non
2259 1723 2412 1809 pqffe
2436 1725 2646 1809 serum
2685 1729 2892 1798 urino-

260 1808 413 1895 sum
458 1826 498 1872 a
619 1808 844 1892 nguine
869 1803 1195 1886 separari,
1244 1803 1357 1885 nisi
1396 1807 1433 1867 ἀ
1479 1810 1549 1873 vi
1591 1809 1854 1895 alicujus
1883 1807 2182 1953 {ermenti
2219 1809 2288 1870 in
2330 1809 2642 1901 glandulis
2682 1828 2896 1872 renum

271 1899 624 2034 operaen—
668 1884 962 1953 Afferam
1001 1904 1161 1971 ergo
1189 1889 1514 1971 rationes,
1561 1890 1650 1954 ob
1684 1908 1842 1974 quas
1941 1890 2045 1953 uic
2092 1883 2431 1958 sententiae
2477 1884 2892 1975 acquiescere

277 1990 426 2044 non
518 1988 561 2034 o
616 1988 744 2034 um.

369 1989 713 2135 Etpprimo
757 2047 1137 2132 confidem,
1185 2052 1361 2137 quod
1410 2072 1571 2137 aqua
1610 2052 1893 2136 urinosa,
1941 2053 2102 2118 licet
2150 2069 2299 2117 cum
2343 2053 2647 2122 omnibus
2691 2053 2892 2135 parti-

283 2135 418 2201 bus
460 2130 875 2218 integralibus
904 2133 1237 2227 Jiznguinis
1281 2131 1619 2200 commista
1658 2129 1734 2197 fit
1764 2179 1786 2213 ,
1835 2148 2054 2198 tamen
2100 2133 2382 2201 maxima
2416 2136 2552 2216 ejus
2597 2151 2783 2216 pars,
2829 2135 2899 2200 in

263 2217 608 2302 sanguinis
648 2213 941 2279 albumine
986 2210 1264 2300 dispersa
1293 2262 1317 2298 ,
1376 2215 1758 2282 continetur
1821 2215 1992 2281 intra
2040 2217 2321 2282 minimas
2366 2211 2654 2296 veficulas
2699 2214 2835 2296 ejus
2863 2261 2891 2296 ,

196 2306 227 2371 '.
248 2317 441 2384 ,φη
468 2294 729 2376 veficuloe
775 2314 908 2362 non
940 2297 1245 2365 videntur
1275 2297 1402 2364 ess‘e
1437 2314 1741 2379 tenaceS,
1787 2298 1941 2364 dum
1955 2297 2220 2382 sanguis
2262 2316 2384 2385 per
2421 2296 2568 2381 vasa
2600 2296 2893 2365 animalis

285 2378 933 2458 viventisexcurrit,
1024 2381 1125 2446 uia
1167 2375 1352 2445 sensu
1386 2377 1683 2460 constat,
1728 2377 2143 2446 substantiam
2182 2378 2506 2445 albuminis
2549 2376 2681 2444 esse
2722 2378 2891 2444 ade'o

274 2461 551 2531 fluidam
572 2508 593 2537 ,
642 2475 878 2543 utnon
923 2461 986 2529 di
1047 2460 1347 2557 inguatur
1389 2462 1471 2529 ab
1501 2480 1662 2545 aqua
1695 2480 1897 2545 pura3
1941 2460 2004 2526 ἂ
2034 2475 2105 2526 ut
2138 2459 2285 2527 talis
2318 2474 2615 2546 reputata
2648 2458 2777 2526 fuit
2808 2459 2891 2525 ab

278 2545 698 2629 antiquitate.
786 2540 968 2607 Hinc
998 2545 1381 2625 conjicitur,
1428 2543 1605 2629 quod
1630 2564 1793 2629 aquae
1825 2543 2144 2627 particulae
2185 2541 2366 2609 nullo
2404 2544 2615 2608 tenaci
2660 2543 2723 2608 dt
2754 2542 2898 2608 for-

282 2627 345 2692 ti
373 2624 644 2690 vinculo
677 2622 759 2689 ab
787 2624 1108 2691 albuminis
1122 2623 1411 2775 fluenda
1496 2630 1665 2690 uineo
1707 2626 2187 2692 connectuntur
2228 2626 2289 2692 δι
2319 2624 2730 2705 vinciuntur,
2775 2621 2895 2690 sed

286 2705 754 2774 tantummodo
787 2703 1056 2801 simplici
1116 2723 1313 2774 conta
1383 2729 1423 2774 u
1494 2727 1531 2771 e
1575 2723 1805 2772 mutuo
1838 2702 2335 2788 deosculantur,
2381 2707 2619 2772 eodem
2649 2708 2851 2772 modo
2865 2747 2900 2787 5

282 2809 372 2857 ac
400 2788 741 2873 particulae
788 2792 996 2868 aeris,
1041 2790 1147 2853 vel
1193 2790 1324 2855 olei
1371 2809 1490 2875 per
1519 2807 1747 2872 aquam
1780 2784 2075 2871 dispersae
2119 2788 2305 2854 nullo
2346 2788 2511 2854 forti
2555 2789 2825 2854 vinculo
2867 2834 2897 2871 ,

282 2886 538 2957 praeter
581 2868 994 2951 contaCtum,
1044 2889 1193 2936 curn
1236 2890 1315 2937 ea
1355 2869 1724 2938 miscentur.
1813 2869 1985 2964 Quia
2016 2888 2180 2935 vero
2211 2869 2379 2936 aftio
2409 2868 2722 2936 fermenti
2753 2867 2892 2955 est,

290 2952 608 3038 diffolvere
637 2952 885 3017 vincula
915 2956 1186 3033 tenacia,
1227 2954 1631 3019 conneelentia
1660 2951 1865 3037 fluida
1907 2955 2338 3039 heterogenea3
2385 2970 2547 3038 ergo
2577 2955 2679 3018 ubi
2722 2952 2895 3018 nulla

286 3035 580 3103 connexio
613 3035 835 3113 datur,
863 3030 1116 3118 frustra
1158 3031 1238 3183 egl
1278 3035 1431 3101 αὲἰίο
1448 3038 1743 3120 fermenti
1777 3057 1797 3114 ς
1840 3035 1902 3100 &
1932 3033 2212 3118 proinde
2241 3031 2436 3101 stulte
2469 3034 2892 3101 adhiberetur

278 3121 633 3203 fermentur
664 3114 729 3179 in
766 3117 1138 3198 renibus,ut
1210 3114 1562 3183 iseinderet
1586 3137 1808 3202 aquam
1833 3117 2169 3200 urineffam,
2215 3115 2295 3185 ab
2325 3116 2894 3203 albuminesangui-

296 3220 405 3265 neo
449 3198 720 3263 omnino
749 3192 1094 3280 discissam,
1135 3199 1285 3283 quia
1328 3196 1469 3265 solo
1498 3198 1808 3264 contactu
1857 3199 2222 3263 nectuntur.
2308 3197 2480 3278 Sed,
2525 3213 2893 3283 quamtum-

299 3282 405 3347 vis
438 3277 646 3345 striEte
676 3278 739 3344 δι
770 3279 1089 3346 tenaciter
1115 3280 1620 3347 connecteretur
1651 3300 1812 3365 aqua
1839 3278 2083 3360 urinoliz
2111 3297 2262 3365 cum
2280 3278 2586 3365 sanguine
2605 3327 2626 3358 ,
2671 3296 2894 3344 tamen

297 3361 539 3512 abif-ue
586 3362 717 3427 nlla
748 3358 1201 3443 elaboratione
1232 3362 1529 3445 fermenti
1556 3361 1871 3447 praeclare
1906 3352 2179 3428 discissio
2210 3360 2272 3426 δε
2307 3355 2627 3445 separatio
2656 3359 2738 3426 ab
2772 3359 2900 3426 alia

296 3465 421 3512 cau
452 3465 488 3510 a
518 3445 583 3511 in
616 3444 861 3535 renibus
902 3460 1221 3537 operante
1255 3441 1719 3513 absolveretur.
1807 3442 2018 3540 Quia,
2065 3460 2138 3507 ut
2159 3442 2409 3510 dictum
2454 3441 2587 3524 est,
2631 3441 2900 3509 necesst-

303 3543 438 3595 tate
484 3525 868 3592 mechanica
912 3545 985 3604 „m
1020 3529 1264 3592 renibus
1291 3527 1701 3593 vinculorum
1732 3521 2004 3592 discissio
2049 3518 2291 3590 absolvi
2337 3524 2541 3591 debet
2567 3573 2588 3607 ,
2636 3525 2726 3591 ob
2758 3526 2902 3590 vio·

304 3608 716 3679 lentiffimam
767 3606 1297 3676 incuneationem
1336 3612 1419 3694 fii
1503 3611 1670 3684 uinis
1698 3607 1887 3692 fluidi
1916 3657 1938 3690 ,
2011 3611 2177 3674 intra
2210 3602 2617 3755 Illrifflffimas
2703 3605 2904 3692 stulas

302 3695 717 3770 arteriarum,
764 3688 826 3752 in
915 3692 1071 3756 lebas
1103 3693 1332 3757 renales
1365 3691 1447 3757 de
1474 3690 1795 3757 mentium
1828 3713 1845 3755 ε
1909 3710 2067 3777 ergo
2111 3689 2208 3755 stu
2238 3704 2301 3754 te
2343 3688 2569 3775 egisset
2675 3705 2853 3756 atura
2880 3736 2906 3770 ,

290 3776 349 3845 fi
382 3772 628 3841 ibidem
676 3789 762 3855 ap
810 3789 851 3834 o
886 3773 1067 3839 uisset
1080 3774 1496 3855 fermentum,
1544 3789 1615 3839 ut
1658 3773 1747 3838 nil
1784 3793 1818 3838 a
1866 3789 2045 3853 eret,
2088 3773 2196 3838 vel
2241 3766 2465 3841 saltem
2497 3788 2569 3837 ut
2597 3772 2866 3856 prolixo

282 3854 560 3928 >difficili
607 3853 752 3917 &in
786 3872 911 3919 ano
943 3854 1168 3921 labore
1212 3852 1506 3938 sudaret,
1550 3868 1622 3923 ut
1638 3851 1806 3923 disci
1858 3874 2080 3924 ionem
2110 3852 2498 3940 perficeret,
2546 3871 2689 3941 quae
2731 3870 2915 3918 com·
3007 3936 3010 3939 y

286 3932 790 4031 ..pendiofiffime
822 3935 996 4007 effici
1028 3942 1323 4021 poterat.

1672 4020 1713 4103 s
1729 4016 1847 4104 X)
1893 4040 1934 4089 2
2761 4013 2930 4083 Prae-
