3419 4538
598 165 726 228 282
961 152 1119 220 Car.
1168 148 1389 219 XXII.
1451 149 1577 218 DE
1634 147 1925 218 MOTU
1997 147 2892 219 EXCANDESCENTIAE

605 318 811 371 tantes
845 301 1075 387 orificio
1117 322 1442 368 nervorum
1489 302 1554 368 in
1587 300 1902 388 glandulis
1931 299 2396 382 defluentium,
2441 320 2576 368 non
2605 298 2753 366 sunt
2797 299 2985 381 aliae,
3046 316 3243 386 quam

588 389 767 473 sacci
797 387 1017 470 viscidi
1062 383 1125 450 &
1155 385 1353 465 lenti,
1393 385 1656 450 &meres
1695 388 1759 448 in
1796 384 2107 468 glandulis
2137 383 2458 449 collocati
2492 405 2513 464 ;
2559 384 2799 467 igitur,
2843 381 2894 448 fi
2925 387 3230 466 praediffi

585 470 767 555 succi
809 469 1007 533 talem
1052 464 1530 531 consistentiam
1579 464 1938 544 haberent,
1993 478 2067 529 ut
2102 461 2520 548 obstr-ustiones
2584 464 2916 549 perficere
2962 465 3228 547 possent

610 548 1024 634 temporibus
1071 548 1490 630 inaequalibus
1544 543 1833 632 superius
1881 545 2191 632 expolitis
2223 594 2248 628 ,
2304 545 2626 612 deberent
2666 545 2917 632 effestus
2966 547 3224 628 febr-iles

613 632 693 703 iis
720 629 1145 715 inaequalibus
1189 627 1597 712 temporibus
1636 627 1800 695 fieri.

695 706 1070 778 Videndum
1112 709 1319 775 modo
1349 708 1479 793 est,
1523 710 1866 795 quomodo
1906 706 2067 790 confi
2119 712 2292 774 entia
2314 708 2643 793 succorum
2683 709 3067 805 viscidorum
3116 712 3220 779 dif-

607 792 789 860 ferre
830 792 1069 887 possint
1110 792 1175 857 in
1214 790 1477 875 quaefita
1504 793 1964 886 proportione.
2131 810 2217 857 oc
2248 807 2470 857 autem
2516 811 2651 857 non
2686 792 2954 859 videtur
3011 794 3221 861 diffici-

611 875 699 941 le.
788 875 854 941 81
895 874 1162 940 enimin
1198 874 1401 937 tribus
1442 873 1698 956 cyathis
1731 871 2158 939 infundantur
2186 873 2468 957 aequales
2512 888 2730 957 partes
2778 892 3019 957 aquae,
3068 897 3135 943 v.
3166 896 3215 962 g.

609 960 678 1024 in
724 955 985 1040 lingulis
1031 956 1192 1021 libra
1237 973 1407 1036 una3
1450 954 1604 1021 &in
1653 954 1868 1047 primo
1929 952 2319 1020 misceantur
2372 951 2487 1020 sex
2541 954 2753 1019 unciae
2801 951 3094 1038 farinae,
3133 977 3218 1023 aut

611 1038 881 1104 alterius
915 1037 1210 1120 pulveris
1242 1036 1467 1119 gluten
1501 1035 1886 1117 efficientis}
1930 1035 1994 1101 in
2029 1031 2317 1101 secundo
2350 1034 2502 1099 vase
2558 1034 2966 1103 misceantur
3034 1042 3217 1106 uncie

617 1135 751 1185 tres
785 1118 1057 1198 farinae-3
1086 1117 1151 1182 in
1184 1119 1380 1181 tertio
1412 1115 1559 1181 vase
1589 1119 1736 1183 duae
1765 1119 1976 1183 unciae
2020 1133 2291 1182 tantum.
2339 1115 2772 1184 Manifestum
2799 1116 2943 1201 est,
2980 1136 3217 1187 atomos

616 1197 884 1280 farinae,
929 1196 1203 1283 spatium
1235 1193 1525 1279 eiusdem
1557 1199 1752 1265 molis
1783 1217 1967 1283 aquae
1998 1217 2402 1284 occupantes
2422 1217 2602 1280 ,non
2632 1200 2834 1283 cquis
2871 1201 3215 1268 intervallis

614 1284 654 1351 a
684 1278 750 1348 se
781 1281 1064 1347 invicem
1096 1277 1329 1345 distare
1359 1278 1578 1363 posse,
1622 1298 1707 1345 eo
1738 1280 1921 1364 quod
1955 1277 2066 1345 sex
2112 1282 2324 1347 unciae
2368 1278 2596 1347 farinae
2641 1282 3003 1349 continent
3031 1283 3213 1369 duplo

618 1365 932 1446 maiorem
1010 1361 1377 1427 ranulorum
1408 1359 1635 1425 farinae
1678 1360 2166 1427 multitudinem
2265 1381 2412 1428 uam
2467 1359 2760 1446 ejusdem
2821 1377 2964 1430 tres
3027 1368 3212 1431 uncia

616 1446 898 1512 habent:
1046 1443 1202 1508 ideo
1233 1441 1434 1507 atomi
1478 1442 1666 1523 hujus
1727 1442 1931 1527 duplo
1993 1445 2204 1509 interv
2273 1443 2343 1510 lo
2395 1443 2481 1510 ab
2530 1444 2816 1509 invicem
2868 1447 3209 1526 recedunt,

615 1546 810 1611 quam
843 1524 1047 1592 atomi
1079 1524 1271 1589 iuius.
1357 1521 1538 1589 Hinc
1570 1522 1685 1604 fit,
1729 1540 1807 1589 ut
1852 1526 1918 1589 in
1981 1519 2290 1591 descensu
2342 1524 2569 1592 farina:
2613 1524 2699 1590 ad
2739 1524 2909 1592 vans
2955 1526 3208 1594 fundum

618 1609 848 1693 gluten
882 1603 1167 1688 eiusdem
1195 1602 1623 1670 confistentiae
1655 1603 2082 1688 conficiatur,
2104 1607 2509 1691 temporibus
2537 1608 2660 1672 inae
2707 1607 3014 1689 ualibus,
3058 1628 3206 1675 nem-

616 1710 707 1775 pe
740 1689 941 1774 duplo
972 1688 1165 1753 citius
1194 1686 1260 1752 in
1293 1704 1380 1751 eo
1410 1685 1691 1769 cyatho,
1740 1687 1806 1752 in
1837 1705 1971 1770 quo
2011 1687 2220 1754 farina
2247 1688 2454 1772 duplo
2483 1689 2688 1771 copio
2716 1707 2754 1752 a
2780 1688 3031 1755 fuerat.
3076 1692 3205 1784 Sup-

623 1789 941 1856 ponamus
973 1769 1218 1849 mod0,
1256 1767 1441 1851 quod
1486 1767 1717 1852 gluten
1748 1768 2027 1852 primum
2059 1770 2400 1854 contingat
2442 1771 2734 1835 canalem
2766 1770 3092 1856 aliquem,
3132 1791 3206 1836 ri·

622 1871 785 1918 num
823 1849 1169 1918 lentiffimo
1213 1849 1275 1917 &
1335 1848 1781 1942 torpedissimo
1840 1847 2026 1914 cursu
2070 1847 2560 1930 effundentem,
2608 1869 2902 1950 eumque
2944 1854 3210 1920 obstruat

616 1933 666 1998 ·s
702 1933 834 2000 atio
866 1933 1053 1997 unius
1102 1931 1323 2011 horae,
1365 1930 1609 1995 1b1dem
1653 1932 1961 1997 nimirum
2006 1931 2230 2013 eJeEtis
2274 1934 2338 1998 ac
2379 1948 2851 2019 coagmentatis
2898 1935 3205 2020 particulis

695 2012 981 2081 utinosm.
1066 2013 1296 2094 Patet,
1385 2012 1516 2078 uod
1544 2010 1776 2095 gluten
1805 2012 2164 2079 secundum
2192 2011 2509 2082 semissem
2538 2014 2710 2080 dofis
2770 2017 3065 2083 materiae
3105 2014 3207 2080 ob·

622 2035 963 2165 firuffioni
1007 2109 1220 2180 aptam
1283 2094 1364 2159 ha
1413 2114 1564 2176 em,
1604 2097 1849 2162 tardius
1908 2096 2192 2163 eundem
2249 2097 2549 2167 canalem
2607 2093 2953 2180 obstruet,
2995 2114 3204 2180 nempe

625 2179 836 2264 duplo
873 2193 1005 2243 tem
1057 2195 1216 2256 ore3
1264 2177 1526 2243 tandem
1629 2177 1813 2243 luten
1874 2178 2048 2243 tertii
2106 2176 2306 2258 vafiS,
2352 2178 2534 2259 cuius
2589 2180 2864 2246 materia
2908 2174 3202 2265 glutinosa

612 2259 933 2346 subtripla
967 2195 1331 2343 ellim-imi,
1376 2258 1440 2325 ἃ.
1471 2256 1585 2325 sub
1611 2257 2017 2343 'exquialtera
2045 2255 2313 2325 secundi
2370 2260 2640 2346 glutinis
2654 2307 2676 2342 ‚
2725 2259 3033 2329 obstruet
3071 2281 3196 2326 eun·

626 2344 781 2410 dem
828 2342 1115 2408 canalem
1148 2341 1430 2435 longiori
1463 2357 1807 2427 tempore,
1853 2336 2103 2410 scilicet
2134 2342 2333 2426 triplo
2390 2342 2622 2427 primi,
2664 2343 2729 2409 δε
2765 2339 3191 2427 Τεκᾳυὶιίῑεῑο

623 2423 912 2491 secundi.
1004 2421 1162 2488 Hoc
1206 2425 1401 2507 igitur
1445 2442 1595 2490 cum
1628 2423 1878 2488 lumine
1925 2420 2194 2487 Naturae
2259 2421 2401 2488 fieri
2453 2424 2635 2510 poffe
2696 2425 3000 2505 constet,
3040 2425 3192 2571 plane

624 2507 695 2572 in
732 2501 878 2572 casu
908 2502 1133 2571 nostro
1170 2505 1661 2586 excandefientiae
1678 2504 1966 2648 {ebs-ilis,
2010 2504 2282 2569 omnino
2311 2504 2407 2570 illi
2443 2504 2749 2591 exposito
2798 2524 3102 2590 exempo
3130 2500 3196 2568 fi·

622 2588 812 2668 mili,
859 2588 1033 2652 idem
1066 2584 1204 2650 fieri
1251 2583 1431 2670 poffe
1476 2585 1684 2668 proba
1733 2585 1908 2650 iliter
1952 2586 2283 2669 conjicere
2345 2585 2696 2671 possumus.
2781 2584 2967 2653 Nam
2996 2586 3074 2651 ab
3110 2586 3207 2651 ori·

614 2666 790 2753 ficiis
824 2669 1210 2733 nervulorum
1239 2668 1300 2732 in
1334 2665 1500 2731 statu
1528 2669 1752 2749 quietis
1785 2666 2060 2732 effluunt
2066 2666 2243 2751 succi
2272 2672 2483 2733 nervei
2511 2666 2890 2753 torpidzffimo
2927 2667 3099 2751 cursu
3130 2668 3211 2731 in·

631 2768 733 2817 tra
752 2750 1098 2837 glandulas.
1158 2747 1334 2832 Ergo
1366 2750 1623 2812 materia
1644 2748 1879 2832 viscida
1911 2747 1973 2813 δι
2000 2752 2199 2830 acris,
2246 2750 2632 2836 contingens
2635 2750 2973 2898 (praedicta
2997 2746 3217 2833 fiiola,

629 2833 786 2898 dum
847 2845 953 2896 tur
1000 2845 1069 2893 et
1110 2828 1199 2893 ob
1241 2831 1810 2910 fermentationem,
1856 2829 2054 2895 facile
2113 2828 2410 2896 insinuari
2466 2847 2631 2917 pote
2707 2879 2731 2913 ,
2776 2829 3120 2897 obstruere
3163 2831 3218 2897 Gt

626 2930 926 3004 pungere
959 2931 977 2974 1
1009 2909 1069 2973 la
1114 2905 1313 2991 qlliola
1400 2909 1465 2975 ὄι
1494 2910 1626 2975 hoc
1669 2906 1915 2976 absolvi
1948 2911 2224 2976 deberet
2255 2912 2663 2997 temporibus
2691 2914 2828 2979 re'ci
2881 2932 3047 2979 roce
3075 2932 3213 2999 pro·

628 2991 1112 3076 portionalibus
1140 2954 1569 3056 confistentiae
1660 2994 1917 3073 lucinis,
1958 2989 2211 3058 scilicet
2273 2994 2451 3076 ejus,
2491 3013 2683 3081 quam
2747 2995 2832 3059 ha
2878 3010 2998 3061 ent
3053 3011 3221 3061 mate·

624 3077 737 3139 riae
766 3072 943 3136 moles
968 3074 1126 3143 admi
1178 3088 1260 3150 ae,
1299 3072 1517 3158 gluten
1657 3075 1926 3141 cientes.
2013 3074 2238 3168 Quare
2269 3075 2335 3140 in
2387 3081 2740 3162 quotidiana
2783 3077 2897 3142 illa
2961 3079 3220 3143 materia

628 3178 695 3219 v.
742 3172 804 3237 g.
854 3154 1040 3219 unius
1128 3154 1381 3237 crupuli
1438 3154 1707 3222 admista
1734 3203 1758 3237 ,
1798 3154 1844 3222 s1
1886 3151 2329 3238 obstr-ustionem
2374 3160 2715 3244 complere
2774 3159 3029 3242 poterit
3087 3156 3220 3244 post

628 3238 824 3303 horas
870 3256 988 3318 24,
1063 3236 1128 3302 in
1173 3238 1440 3301 tertiana
1484 3234 1871 3322 subduplum
1901 3238 2095 3303 molis
2141 3235 2424 3320 ejusdem
2449 3241 2740 3307 materiae
2782 3236 3215 3323 olfirufflonem

627 3320 970 3403 complere
1000 3318 1247 3402 poterit
1279 3316 1427 3400 post
1460 3319 1653 3385 horas
1679 3328 1805 3401 483
1850 3320 1913 3386 &
1955 3320 2021 3385 in
2065 3331 2372 3403 quartana
2412 3319 2801 3406 subtriplum
2828 3321 3074 3405 prioris
3103 3340 3212 3388 ma-

628 3401 811 3466 teriae
844 3396 1285 3483 obstruftionem
1314 3401 1679 3484 complebit
1706 3398 1852 3483 post
1885 3400 2073 3466 horas
2116 3420 2238 3483 72,
2284 3402 2347 3469 &
2400 3404 2784 3471 tantundem
2832 3402 3094 3468 dilatari
3136 3404 3208 3468 in·

629 3481 1118 3560 termittentiae,
1162 3478 1273 3545 seu
1319 3480 1634 3547 distantiae
1678 3482 1849 3547 inter
1885 3485 2150 3566 primum
2177 3483 2241 3549 &
2267 3485 2759 3568 secundumparo
2869 3496 3059 3550 mum.
3145 3482 3206 3549 Et

631 3562 779 3627 haec
796 3563 1122 3646 generalia
1142 3561 1315 3627 circa
1345 3561 1477 3628 hoc
1504 3560 1853 3646 problema
1880 3563 2036 3630 mihi
2068 3564 2486 3646 conjiciendo
2516 3565 2649 3631 dici
2679 3583 2771 3650 po
2823 3583 2863 3629 e
2894 3566 3198 3633 videntur·

712 3643 1206 3728 Progrediendo
1249 3641 1476 3726 postea
1519 3644 1600 3708 ad
1627 3645 1837 3726 febres
1882 3649 2238 3725 continuas,
2287 3646 2385 3712 hae
2428 3646 2695 3732 quidem
2738 3665 2877 3713 non
2918 3647 3202 3713 videntur

628 3722 897 3789 differre
930 3723 1010 3787 ab
1055 3727 1635 3806 intermittentibus,
1683 3725 1795 3792 nis1
1828 3724 1893 3790 in
1923 3723 2402 3810 perseverantia
2451 3729 2769 3796 continua
2807 3730 3206 3807 excandeften·

632 3811 729 3871 tice
755 3806 1000 3888 febrilis
1030 3803 1418 3884 crescentiS,
1463 3821 1574 3870 aut
1604 3804 2040 3873 decrescentis
2073 3826 2193 3892 per
2222 3804 2478 3876 easdem
2499 3812 2774 3894 periodos
2801 3813 3210 3894 qmtidianes,

631 3902 745 3954 aut
771 3890 1090 3970 tertianas.
1176 3885 1252 3953 ln
1282 3881 1456 3952 hisce
1501 3890 1804 3954 continuis
1812 3888 2097 3971 febribus
2142 3889 2283 3957 duze
2323 3891 2616 3961 afflones
2677 3890 3021 3960 contrarie
3089 3887 3224 3987 sues

3057 3992 3233 4059 Pom
