3419 4538
585 252 701 304 η.
847 228 1039 336 Car.
1085 221 1138 292 1.
1181 220 1315 292 DE
1350 216 1646 289 MOD1s
1692 214 1822 287 ET
1866 215 2259 313 OPERAT.
2303 214 2917 306 MECHANICIS,

574 380 895 469 potentiae
942 374 1045 442 HI
1087 373 1469 453 contrariae,
1514 372 1877 439 efficientes
1919 369 2269 438 secundam
2311 371 2798 439 contorfionem
2858 372 3190 459 integram.

584 464 691 531 D:
736 463 798 528 &
828 460 977 555 quia
1004 453 1297 541 superior
1323 453 1502 520 funis
1530 473 1674 539 pars
1708 452 1895 519 DCA
1930 447 2108 519 tensa
2136 452 2543 548 perseverat,
2589 470 2725 518 non
2757 451 3056 522 obstante
3088 460 3190 524 in·

582 544 902 609 termed1a
930 537 1392 621 corrogatione
1423 534 1519 616 C3
1562 536 1931 620 pariterque
1968 531 2246 601 infer-mr
2275 537 2498 618 portio
2531 534 2655 601 DB
2674 535 3230 622 tenuia-uaporis

584 623 743 690 dere
775 623 869 704 Z;
913 623 931 686 i
982 622 1110 685 itur
1135 622 1278 684 duae
1308 617 1626 702 potentiae
1657 615 2001 681 contrariae
2037 613 2136 680 HI
2209 616 2764 701 uadruplaeerunt
2782 612 3068 698 ejusdem
3084 639 3188 684 re·

581 703 877 772 fistentiae
910 640 996 769 ᾗ
1042 717 1238 785 quare
1268 715 1546 782 quatuor
1570 699 1896 842 {otentiae
1928 694 2133 763 SRHI
2164 636 2347 764 simul
2377 693 2643 782 sumpta:
2676 696 2956 780 oetuplae
3002 716 3196 767 erunt

588 784 964 853 refistentiae
997 782 1073 848 Z.
1161 780 1342 846 Idem
1373 780 1563 845 dicen
1618 799 1725 844 um
1758 777 1849 843 est
1881 778 1966 842 de
1993 777 2260 863 reliquis
2294 777 2862 865 corrugationibus
2907 779 2964 845 E
3004 781 3070 848 δι
3114 781 3187 848 F.

584 865 775 952 Ergo·
799 867 998 947 toties
1031 861 1469 950 quadruplum
1488 858 1862 927 refistentiae
1892 858 1949 926 Z
1976 856 2137 925 sumi
2154 860 2396 940 debet,
2441 876 2604 946 quot
2618 855 3199 947 suntcorrugatio»

596 967 718 1017 nes
748 951 872 1015 διε.
1891 964 1904 977 ·

670 1028 852 1096 Hinc
881 1027 1133 1094 constat
1222 1038 1432 1090 totam
1462 1022 1941 1107 longitudinem
1972 1021 2146 1088 funis
2178 1037 2592 1108 corrugatam
2625 1022 2878 1105 impelli
2923 1025 3191 1109 quidem

591 1105 834 1177 sursum
865 1127 945 1175 ac
976 1072 1278 1174 deorsum
1306 1103 1343 1170 a
1373 1104 1690 1197 potentiis
1723 1105 2099 1185 contrariiS,
2144 1104 2238 1169 ita
2280 1121 2352 1170 ut
2395 1103 2714 1196 medietas
2756 1108 3200 1187 potentiarum

596 1191 897 1277 impellat
923 1192 1138 1257 nodos
1168 1202 1700 1268 corrugationum
1731 1180 1969 1251 sursum
2001 1185 2383 1266 tendentes,
2428 1184 2859 1268 reliquavero
2876 1188 3203 1259 medietas

596 1274 899 1361 impellat
927 1268 1346 1339 curvationes
1376 1261 1680 1332 deorsum
1708 1265 2074 1333 tendentes.
2121 1264 2249 1333 His
2278 1263 2627 1351 praemiffis.

1219 1458 2256 1552 PROPosl‘rlo
2365 1458 2592 1552 XII.

610 1674 975 1768 Musculi
1006 1671 1433 1767 contraHio
1469 1679 1750 1763 vitalis
1776 1646 1922 1763 non
1935 1678 2051 1787 fit
2096 1695 2248 1790 per
2308 1680 2929 1789 corrugationem
2976 1675 3213 1775 fibra·

1254 1815 1446 1875 rum
1464 1854 1494 1897 ,
1548 1808 1640 1876 ut
1678 1795 1758 1877 in
1790 1790 2180 1880 lumbricis
2208 1807 2565 1905 apparet.

696 2001 836 2094 Qui
866 1998 947 2066 ab
976 1999 1368 2084 apparentiis
1397 1993 1614 2064 subito
1644 2014 2009 2064 moventur
2031 1992 2269 2091 absque
2298 1999 2549 2078 praevio
2580 2000 2881 2065 examine
2899 2047 2921 2081 ‚
2969 2002 3203 2069 multo»

614 2084 741 2150 ties
772 2082 1225 2166 decipiuntur3
1268 2099 1404 2153 non
1433 2080 1733 2164 quidem,
1781 2080 1930 2163 quia
1945 2082 2371 2163 experientiae
2388 2082 2584 2148 utiles
2599 2100 2733 2147 non
2749 2076 2893 2149 sunt
2910 2084 2998 2147 ad
3015 2079 3200 2149 scien·

612 2165 773 2230 tiam
806 2163 1303 2244 acquirendam,
1345 2160 1455 2226 sed
1485 2161 1632 2245 quia
1663 2154 1811 2254 ipsae
1844 2161 2307 2245 experientiae,
2356 2180 2466 2228 aut
2496 2181 2633 2228 non
2662 2159 2810 2229 sunt
2840 2164 3085 2229 exastae
3118 2161 3200 2241 ob

611 2241 909 2312 sensuum
940 2243 1550 2330 imperfectionem,
1593 2260 1702 2329 qm
1734 2258 2070 2327 nequeunt
2098 2242 2396 2310 minimas
2426 2262 2639 2310 rerum
2668 2243 3074 2310 differentias
3091 2238 3202 2309 dis·

614 2346 931 2406 cernere;
980 2325 1088 2392 vel
1123 2324 1271 2410 quia
1299 2319 1514 2390 sensus
1545 2320 1783 2408 absque
1812 2324 2083 2390 rationis
2113 2324 2380 2391 criterio
2412 2325 2747 2391 multoties
2775 2322 2990 2391 fallax
3019 2322 3123 2391 est.

690 2407 853 2475 Hoc
884 2407 1216 2493 contingit
1243 2407 1308 2473 in
1340 2405 1708 2485 lumbricis,
1753 2406 1862 2493 qui
1895 2405 2149 2471 moveri
2181 2407 2483 2472 videntur
2498 2426 2612 2491 per
2644 2409 3212 2491 corrugationem,¹

605 2487 719 2555 seu
752 2489 1173 2555 inflexionem
1249 2489 1444 2554 rolixi
1476 2486 1772 2571 corporis
1810 2505 2040 2552 eorum
2073 2488 2138 2552 in
2170 2488 2610 2554 minutissimas
2637 2488 2846 2571 plicas
2883 2480 3193 2553 alternese

609 2570 1106 2655 consequentes.
1222 2585 1249 2635 t
1276 2570 1425 2654 quia
1456 2584 1797 2652 receptum
1825 2566 1959 2646 est,
2005 2585 2260 2634 motum
2292 2570 2662 2635 animalium
2695 2588 2830 2634 non
2873 2567 3053 2649 fieri,
3091 2561 3199 2632 nifi

611 2670 731 2736 per
761 2651 1153 2734 musculorum
1182 2650 1506 2715 afflonem
1525 2695 1545 2729 ,
1594 2648 1749 2713 hinc
1778 2644 2024 2713 suaderi
2057 2649 2370 2733 quispiam
2399 2649 2643 2735 posset,
2678 2647 2871 2743 fibras
2915 2652 3200 2715 omnium

607 2732 1015 2879 Pasculorum
1051 2728 1349 2796 contrahi
1394 2747 1513 2813 per
1558 2727 1960 2795 consimilem
2010 2732 2539 2817 corrugationem
2569 2732 2648 2797 ad
2679 2729 2871 2797 instar
2900 2727 3193 2816 spirarum

634 2833 712 2877 ‘er
761 2829 1028 2878 entium.
2794 2834 2802 2848 ·

693 2832 981 2973 fferam,
1027 2893 1187 2985 quia
1208 2891 1503 2957 doetrina
1532 2890 1910 2984 mechanica
1941 2892 2004 2960 ὅ(
2030 2894 2199 2960 ratio
2231 2886 2364 2976 ipsa
2391 2889 2536 2959 satis
2568 2892 2902 2961 declarant
2929 2888 3189 2958 absurdi·

609 2992 813 3042 tatem
911 2973 1181 3038 raediaae
1226 2988 1700 3055 corrugatioms
1746 2973 1810 3036 in
1831 2969 2060 3066 fibris,
2108 2974 2535 3056 musculorum,
2584 2976 2780 3059 plane
2825 2970 3182 3049 suademur,

610 3074 741 3124 nec
773 3059 865 3201 ind
897 3053 1200 3119 umbricis
1216 3075 1242 3134 ·‚
1286 3070 1499 3137 neque
1529 3052 1596 3118 in
1626 3068 1878 3119 caeteris
1908 3054 2290 3122 animalibus
2314 3055 2599 3141 musculos
2625 3056 2915 3123 contrahi
2942 3052 3002 3118 se
3041 3070 3179 3116 cor·

613 3158 692 3205 ru
741 3155 816 3202 an
869 3156 937 3201 ο.
3089 3181 3096 3194 .

693 3156 854 3290 ᾗοε
883 3216 1229 3284 deducitur
1256 3235 1339 3282 ex
1366 3214 1572 3284 tribus
1601 3217 2015 3286 lemmatibus
2043 3219 2604 3304 praecedentibus,
2647 3220 2716 3285 in
2746 3219 2970 3304 quibus
2982 3212 3180 3284 osten-

608 3294 749 3366 sum
781 3297 911 3382 est,
999 3298 1174 3381 uod,
1216 3298 1296 3364 ad
1326 3299 1645 3383 integram
1673 3301 1864 3384 funis
1907 3299 2044 3387 th.
2090 3306 2154 3367 6.
2201 3299 2409 3366 TAB.
2475 3299 2629 3367 XV.
2679 3320 2870 3368 corru
2917 3300 3188 3365 ationem

613 3380 870 3448 GDCE
903 3320 1350 3460 efficiendam,
1380 3382 1791 3464 requiruntur
1819 3380 1964 3447 duae
1991 3383 2310 3465 potentiae
2341 3382 2381 3448 S
2413 3382 2475 3448 ὅ(
2504 3381 2558 3447 R
2618 3400 2760 3466 quae
2796 3398 2855 3448 tr
2985 3395 3056 3446 nt
3090 3375 3191 3442 fu·

609 3482 726 3530 nes
773 3464 852 3528 ad
897 3479 1114 3547 partes
1163 3458 1536 3546 oppositas,
1581 3480 1822 3546 nempe
1865 3462 1907 3528 S
1950 3461 2186 3529 sursum
2216 3464 2279 3530 &
2309 3464 2366 3530 R
2399 3427 2737 3543 deorsum,
2781 3464 2844 3530 &
2873 3460 3183 3528 ambarum

605 3544 780 3620 vites
811 3543 1183 3628 quadruplae
1218 3541 1361 3608 sunt
1388 3539 1763 3609 refistentiae
1789 3543 2104 3630 ponderis
2134 3543 2392 3628 appensi
2440 3543 2516 3611 Ζ.
2598 3542 2686 3609 Et
2729 3544 2988 3628 quando
3030 3539 3180 3607 mul·

607 3624 810 3692 toties
840 3622 1018 3690 funis
1048 3641 1426 3711 corrugatur
1445 3670 1468 3704 ,
1512 3641 1675 3691 tunc
1701 3640 1865 3710 quot
1892 3620 2037 3691 sunt
2066 3627 2598 3720 corrugationes„
2641 3641 2745 3691 tot
2775 3625 2951 3711 paria
2967 3639 3185 3714 poten-

608 3706 846 3773 tiarum
875 3707 955 3772 ad
988 3705 1317 3790 oppositas
1346 3722 1560 3791 partes
1586 3705 2057 3775 retrahentium
2107 3722 2552 3792 requiruntur,
2595 3705 2657 3773 ἀ
2704 3725 2934 3773 omnes
2975 3702 3178 3790 praedl·

608 3787 726 3872 61:ae
761 3788 1079 3872 potentiae
1115 3802 1537 3871 corrugantes
1569 3787 1650 3853 ad
1680 3789 1954 3855 eandem
1991 3786 2412 3856 resistentiam
2436 3787 2492 3853 Z
2523 3786 2794 3854 eandem
2830 3807 2950 3873 pro
2999 3784 3190 3852 ertio·-

605 3887 761 3938 nem
808 3868 1082 3950 habent,
1172 3887 1317 3934 uam
1364 3868 1718 3935 multitudo
1768 3869 2299 3955 corrugationum
2392 3883 2576 3935 uater
2608 3865 2646 3932 s
2637 3887 2740 3934 um
2794 3886 2861 3934 ta
2888 3889 2924 3934 a
2998 3865 3170 3932 unita-

608 3958 782 4029 te'm3
829 3951 1081 4033 itaque,
1126 3887 1451 4016 iifuerint
1481 3964 1747 4016 centum
1781 3952 2317 4037 corrugationes,
2454 3949 2710 4034 pondus
2798 3946 3181 4016 fueritunius
3264 3967 3281 3981 ·

600 4031 783 4129 librat
797 4041 839 4116 ,⁷
867 4032 1033 4099 vires
1063 4031 1359 4099 omnium
1393 4030 1836 4124 potentiarum
1869 4031 2400 4105 contrahentium
2430 4032 2707 4120 aequales
2738 4048 2926 4103 erunt
2947 4025 3189 4172 pendet-i
